3818 5534
408 498 477 555 11111

478 603 665 660 Postremum
678 603 750 659 vitae
764 597 972 662 Mussntonoo
982 597 1167 661 curriculum
1181 605 1226 660 sic
1235 597 1394 674 attigimus
1406 593 1437 675 ¹),
1448 611 1541 675 quum
1555 604 1619 675 ipse
1630 597 1668 660 de
1679 598 1771 660 fossi·

408 703 487 759 libus
500 703 718 772 vegetabilibus
730 707 852 758 assueta
868 703 1028 759 sedulitate
1043 705 1136 760 verba
1149 703 1270 772 faciens
1281 704 1342 760 tria
1354 703 1449 760 edidit
1462 719 1563 774 opera,
1574 717 1706 774 quorum
1721 703 1770 758 al·

408 804 506 858 terum
519 816 598 858 anno
608 801 645 858 ab
655 802 721 871 eJus
732 803 828 859 morte
838 802 992 860 transacio
1005 804 1084 875 typis
1094 803 1270 872 evulgatum
1282 803 1397 862 1111111
1408 803 1456 860 uls
1468 804 1611 873 operibus
1622 803 1771 873 primum,

407 899 608 969 quadraginta
622 899 743 969 tabulis,
755 915 821 969 quae
835 915 872 955 ex
891 901 1010 956 officina
1023 901 1259 971 pltotograpliica
1271 903 1307 958 lii.
1322 902 1422 959 torar
1437 899 1626 971 prodierunt,
1637 913 1772 956 exorna·

408 999 482 1066 tum,
492 998 581 1068 plura
592 996 707 1054 fossilia
720 999 865 1056 animalia
883 999 1015 1070 exponit,
1030 1015 1091 1056 una
1103 1013 1171 1056 cum
1184 1001 1317 1070 quinque
1332 1001 1363 1056 et
1377 1000 1504 1070 triginta
1517 999 1658 1068 vestigiis
1672 997 1769 1068 plan·

408 1099 510 1153 tarum
523 1097 682 1162 fossilium,
696 1112 772 1166 quae,
784 1097 841 1153 etsi
851 1097 917 1166 jam
931 1099 1060 1168 cognita,
1074 1098 1174 1154 tamcm
1190 1097 1394 1169 infrequentia
1407 1098 1438 1152 et
1451 1096 1680 1167 pulchritudine
1693 1110 1773 1166 prae·

408 1195 523 1251 cellunt
541 1194 626 1268 (193).
646 1195 750 1251 Altero
775 1195 878 1252 autem
901 1211 991 1265 opere
1016 1196 1099 1266 (191),
1118 1196 1196 1265 quod
1218 1197 1326 1254 melius
1346 1196 1504 1253 elenchum
1529 1196 1674 1264 dicemus,
1694 1207 1767 1263 quae

408 1293 472 1362 ipsc
491 1293 540 1348 vel
560 1293 613 1348 alii
633 1293 715 1349 circa
734 1293 876 1364 pbyllites
895 1294 1051 1350 tertiarius
1069 1295 1173 1350 Veneti
1194 1294 1259 1364 agri
1279 1294 1469 1358 invenerant,
1488 1308 1543 1348 nec
1563 1307 1622 1348 non
1637 1304 1769 1362 operum

403 1390 469 1458 jam
489 1389 641 1446 editorum
662 1390 896 1460 emendationes
914 1391 1176 1462 recentiorumque
1196 1392 1374 1463 specierum,
1394 1405 1470 1461 quas
1498 1389 1646 1460 temporis
1672 1404 1770 1457 angu-

407 1490 467 1546 stia
484 1490 607 1546 coactus
626 1489 782 1546 illustrare
811 1489 997 1560 nequiverat,
1020 1491 1263 1548 enumerationes
1289 1491 1432 1547 inunum
1459 1489 1621 1560 congessit.
1641 1489 1768 1545 Postre-

408 1603 501 1659 mum,
522 1587 589 1659 post
602 1587 667 1656 ejns
681 1589 808 1644 mortem
823 1588 938 1645 editum
957 1589 1045 1658 (195),
1065 1589 1166 1645 icones
1179 1591 1392 1645 Mococeorom
1416 1591 1655 1658 primorumque
1677 1586 1770 1642 fossi·

408 1689 481 1744 lium
496 1703 512 1743 e
527 1688 701 1757 «Vegroni»
722 1689 899 1745 effossarum
918 1687 1071 1758 describit,
1098 1689 1186 1758 atque
1211 1689 1288 1745 alias
1317 1689 1501 1759 propositam
1523 1689 1641 1744 iterans
1667 1686 1766 1742 disce-

408 1787 574 1858 ptationem
593 1785 630 1841 de
645 1798 807 1841 nervorum
822 1785 1072 1842 Scitsmincarum
1094 1786 1183 1856 atque
1203 1787 1377 1842 Palmarum
1395 1785 1593 1855 dispositione
1612 1784 1687 1854 agit,
1701 1784 1764 1840 sta·

408 1883 543 1956 tuminis,
561 1899 578 1939 c
596 1899 656 1953 quo
675 1884 792 1941 fossilia
810 1885 847 1940 ab
867 1884 932 1954 ipso
950 1884 1102 1955 descripta
1121 1887 1335 1955 provenerant,
1353 1885 1493 1940 examine
1514 1883 1668 1940 instituio.

480 1993 599 2045 dunum
622 1982 698 2052 1850,
717 1999 736 2040 a
753 1997 822 2053 quo,
843 1983 997 2040 brevesed
1009 1985 1190 2054 praclarum
1210 1984 1392 2054 Massalongi
1407 1984 1479 2040 vitae
1496 1982 1684 2040 curriculum
1698 1996 1768 2052 per-

411 2085 579 2156 sequentes
599 2095 763 2153 parumper
781 2081 968 2151 defleximus,
981 2081 1091 2137 iterum
1105 2081 1290 2150 attingentes
1309 2081 1367 2137 duo
1385 2080 1457 2153 (2119,
1471 2080 1535 2152 372)
1547 2080 1585 2136 de
1597 2079 1695 2136 ltaliae
1708 2093 1764 2133 ve·

407 2183 587 2255 getabilibus
616 2181 769 2238 fossilibus
805 2179 970 2236 tractactio
996 2180 1176 2237 offendimus
1208 2181 1434 2239 commentaria.
1469 2183 1575 2238 Pinnae
1604 2179 1764 2235 tractatio·

407 2297 475 2340 nem
495 2279 568 2354 (241)
588 2293 667 2336 enno
697 2278 764 2334 1817
792 2277 942 2348 inceptam
968 2278 1092 2334 missam
1117 2278 1255 2344 facimus,
1280 2293 1339 2348 qua
1357 2277 1456 2348 (parte
1475 2277 1507 2349 11)
1529 2291 1670 2334 sermone
1690 2276 1760 2347 plus

406 2382 546 2438 minusve
572 2377 726 2434 contracto
754 2376 791 2432 de
819 2375 973 2432 fossilibus
999 2375 1217 2445 vegetabilibus
1245 2376 1294 2433 bic
1322 2377 1386 2432 illic
1409 2376 1522 2447 agitur.
1550 2375 1759 2437 laudatorum

406 2477 692 2536 commentariorum
712 2474 797 2545 prius
816 2474 980 2530 summarie
1001 2473 1119 2532 tantum
1140 2475 1322 2544 vegetabilis
1340 2475 1508 2544 enumerat,
1528 2474 1659 2532 alterum
1681 2487 1757 2528 vero

407 2581 439 2634 ct
456 2577 625 2648 specierum
644 2573 869 2631 distinctionem
890 2579 921 2628 et
938 2586 1044 2628 earum
1062 2573 1231 2644 diagnosim
1250 2573 1381 2630 exbibet.
1396 2574 1566 2643 Insequenti
1587 2587 1668 2629 anno
1683 2573 1763 2628 Gon·

406 2691 505 2736 nauta
524 2677 555 2732 et
573 2677 706 2731 (11110111
726 2671 786 2744 (91)
813 2672 850 2728 de
877 2672 1060 2742 Aicilunpteri
1086 2673 1311 2742 Bronpniortii,
1331 2673 1467 2741 ejnsdem
1495 2687 1642 2742 expressa
1660 2673 1760 2742 figura

405 2775 568 2842 disserunt,
587 2773 618 2830 et
636 2775 759 2830 Ounonr
779 2769 857 2844 (224)
877 2769 973 2826 obiter
992 2771 1111 2826 tanturn
1131 2771 1277 2828 nonnulla
1295 2771 1332 2827 de
1357 2770 1576 2840 vegetabilibus
1603 2770 1760 2826 fossilibus

406 2873 541 2930 enarrat.
562 2870 668 2927 fusius
693 2869 900 2938 tamen,Suv1
936 2869 1140 2938 adlaborante,
1170 2883 1235 2926 rem
1261 2869 1428 2940 pertractat
1453 2871 1635 2927 Mensorum
1662 2867 1753 2939 (1101),

405 2971 456 3042 qui
475 2967 768 3025 considerationibus
788 2969 818 3024 in
839 2967 980 3038 Geologie
1004 2967 1240 3037 stratigraphica
1267 2968 1356 3022 Tusci
1375 2967 1440 3036 agri
1461 2967 1542 3037 typis
1560 2966 1661 3033 editis,
1690 2981 1756 3036 pro·

407 3071 503 3125 lixum
522 3082 557 3124 ac
575 3067 650 3122 bene
669 3065 850 3136 dispositum
863 3079 1024 3122 numerum
1036 3064 1261 3134 quamplurium
1275 3063 1486 3134 vegetabilium
1500 3063 1650 3121 fossilium
1666 3063 1759 3132 hujus

406 3166 539 3236 regionis
558 3163 688 3232 eibibet,
707 3163 810 3221 habita
828 3165 929 3220 tamen
950 3163 1141 3219 diversorum
1155 3163 1366 3231 statuminum,
1377 3161 1486 3231 quibus
1499 3161 1613 3228 insunt,
1629 3162 1760 3217 ratione.

406 3262 573 3320 Dolendum
593 3275 675 3330 vero,
697 3261 923 3318 memorandum
944 3261 1098 3329 hocopus·
1118 3259 1223 3329 figuris
1242 3273 1356 3315 carere.
1377 3260 1459 3315 inter
1484 3259 1669 3328 vegetabilis
1695 3259 1759 3315 hacc

407 3363 529 3420 silentio
543 3360 754 3431 p1·aecereundu
768 3375 825 3416 non
840 3375 905 3416 esse
915 3360 1140 3430 putemusque
1153 3358 1182 3413 in
1197 3357 1378 3414 formatione
1390 3357 1579 3414 carbonifera
1589 3356 1627 3412 ad
1637 3359 1757 3414 ‹lano›

407 3459 612 3531 reperiuntur,
631 3457 720 3527 atque
748 3457 932 3527 multiplices
961 3455 1093 3512 fucoides
1118 3455 1309 3512 diversorum
1336 3453 1537 3510 statuminum
1567 3453 1761 3510 formationis

409 3558 555 3616 cocanicus
580 3557 611 3612 et
635 3554 832 3612 secundariae.
856 3556 956 3614 cossa
975 3555 1033 3627 (96)
1051 3555 1179 3624 denique
1203 3552 1438 3612 memorabimus
1457 3553 1518 3622 qui,
1542 3553 1759 3610 dissertatione

405 3656 591 3716 Academicis
611 3655 806 3712 Pontanianis
825 3655 873 3711 die
900 3654 965 3710 Xlll
995 3653 1166 3710 Decembris
1186 3653 1251 3709 1851
1281 3651 1393 3722 habita,
1419 3651 1455 3707 de
1479 3652 1611 3721 quadam
1638 3652 1758 3708 fnooidc

407 3757 502 3813 fusius
521 3754 593 3823 agit,
607 3753 683 3809 duas
696 3751 762 3820 ejns
781 3752 946 3808 varietates
965 3763 1156 3818 enumerans,
1170 3763 1260 3820 quam
1277 3749 1378 3805 tamen
1399 3763 1453 3805 nos
1472 3749 1509 3804 ad
1529 3749 1580 3807 011.
1598 3749 1758 3818 Torpiorrii

406 3854 514 3912 melius
534 3851 704 3908 referimus.
726 3850 805 3906 ldem
824 3849 929 3906 auctor
955 3849 1076 3906 tandem
1101 3849 1255 3905 nonnullis
1280 3862 1318 3902 cx
1340 3849 1497 3916 ‹Gargeno
1517 3846 1548 3901 et
1566 3847 1756 3902 Basilicntas

410 3951 561 4010 fossilibus
580 3947 800 4017 vegetabilibus
819 3949 995 4004 summatim
1014 3947 1209 4012 enumeratis,
1229 3945 1265 4001 de
1291 3944 1372 4013 ligno
1392 3944 1422 3998 in
1448 3943 1579 4012 lapidem
1598 3959 1758 4015 converso,

407 4063 496 4120 quem
516 4050 546 4104 in
566 4061 640 4117 agro
659 4045 793 4102 1111111111
814 4043 981 4114 invenerat,
1001 4043 1243 4101 dissertationem
1265 4039 1407 4096 instituit.

477 4150 547 4214 Qum
566 4146 603 4202 ab
623 4159 701 4201 anno
725 4143 792 4199 1852
811 4144 849 4199 ad
868 4156 980 4199 annum
1005 4142 1071 4197 1856
1091 4141 1122 4195 in
1142 4140 1239 4195 lucem
1259 4136 1437 4206 prodierunt
1454 4139 1685 4210 commentaria,
1711 4143 1758 4195 ut-

409 4248 476 4318 pote
503 4256 628 4300 numero
652 4257 749 4313 pauca
773 4243 864 4311 atque
889 4255 947 4296 nou
968 4238 1069 4308 magni
1100 4233 1189 4306 pretii
1208 4233 1287 4288 etin
1308 4232 1490 4287 Bibliotheca
1513 4234 1582 4288 huic
1610 4238 1757 4293 excursui

410 4345 530 4402 urlrrexa
548 4339 624 4397 satis
643 4341 782 4396 accurate
802 4339 989 4408 enumerata,
1008 4336 1117 4392 leviter
1135 4330 1379 4402 perstringimus.

478 4445 520 4500 liu
537 4443 632 4496 Zmno
651 4437 727 4509 (395)
745 4439 774 4493 in
796 4439 846 4496 «S.
866 4435 1095 4494 bartholomeo»
1111 4443 1203 4500 prope
1218 4427 1328 4484 silvam
1341 4427 1450 4496 Progni
1464 4429 1494 4482 iu
1519 4429 1600 4484 valle
1625 4432 1755 4488 ‹lilasi›

408 4539 590 4608 vegcnnbilia
609 4536 725 4592 fossilia
740 4537 901 4606 jurassica,
921 4534 1116 4591 Arcucorites
1136 4539 1250 4595 nempe,
1270 4525 1454 4594 Equisctttec,
1469 4527 1608 4595 Zomitcc,
1627 4532 1758 4599 spectes.

407 4689 618 4706 ψ

469 4765 492 4820 l)
508 4765 554 4810 1111
568 4767 592 4808 ot
605 4760 705 4818 triginta
718 4756 789 4804 annis
803 4757 909 4802 nondum
923 4753 1033 4812 expletis,
1048 4753 1076 4795 ut
1089 4751 1172 4795 notum
1186 4747 1230 4798 cst.
1244 4753 1308 4789 nnnc
1322 4741 1376 4788 1111
1389 4741 1457 4788 obiit.
