3818 5534
414 425 468 470 xlv

415 525 494 580 Duas
512 523 641 594 deniqne
661 537 756 582 novas
769 522 886 594 effingit
899 524 1023 596 species,
1036 537 1142 597 nempe
1157 525 1361 608 A.ficisoliarn
1373 524 1405 582 et
1417 527 1451 581 A·
1465 520 1703 594 integerrimam,
1716 519 1780 579 eui

412 623 563 692 ¹licentiam
581 638 698 694 quoqne
718 638 776 680 non
791 639 876 694 sque
894 623 1137 682 discriminstam
1158 603 1306 694 adjungit
1324 627 1382 681 Nec
1400 623 1482 680 inter
1499 625 1629 694 Ροραῑω
1642 621 1781 679 silentio

407 721 658 799 praetereundam
678 721 750 794 puto
769 737 859 793 quam
879 725 913 781 P.
931 725 1083 780 Pbaeionir
1102 723 1223 780 nomine
1243 723 1342 780 vocat.
1368 723 1524 792 Tantaque
1547 721 1606 792 ipsi
1634 723 1778 778 varrum

415 821 497 876 inter
508 819 692 890 vegetabilis
704 823 787 880 florea
799 823 1051 893 extra-europaeis
1067 837 1146 878 nunc
1158 836 1275 892 quoqm
1290 821 1426 892 vigentia
1438 820 1592 892 quarendi
1605 819 1777 888 analogias

416 919 539 977 illarum
568 920 729 990 phyllitum
755 921 960 991 repugnantia
987 921 1075 992 inest,
1104 922 1137 978 ut
1165 921 1447 990 tinnanwmornm,
1474 935 1550 991 quas
1572 919 1777 991 expresserat

416 1015 563 1086 imagines
582 1017 681 1088 potius
700 1019 803 1088 generi
822 1021 1041 1089 Polanogclon,
1060 1031 1151 1089 quam
1169 1017 1332 1076 Lannneie
1349 1018 1512 1076 adscribat.

469 1118 509 1172 lie
529 1117 567 1174 iis
587 1117 698 1187 tamen,
714 1117 770 1174 etsi
782 1117 923 1190 breviter,
936 1120 1095 1177 Basienis
1113 1116 1170 1190 (38)
1185 1117 1303 1187 jamdiu
1323 1117 1496 1188 scripserat,
1508 1117 1668 1188 postauam
1679 1131 1773 1186 ειη,

415 1230 483 1284 quae
502 1216 610 1272 borum
627 1217 843 1286 vegetabilium
857 1217 946 1287 signa
958 1217 1149 1274 retinuerant
1160 1216 1293 1276 doctoris
1307 1219 1451 1276 Mosarna
1465 1216 1683 1274 tentaminibus
1697 1217 1774 1274 sub·

413 1313 546 1382 jecisset,
565 1315 616 1385 qui
635 1331 671 1372 ea
691 1317 728 1372 ad
743 1316 864 1374 nostres
877 1317 992 1387 species
1005 1317 1140 1374 referens
1153 1319 1279 1375 Salicem
1293 1319 1444 1386 capream,
1465 1319 1494 1373 S.
1509 1319 1621 1386 albam,
1645 1317 1769 1373 Viscum

418 1415 531 1483 albeum,
551 1415 729 1472 Cantennam
747 1429 871 1484 caecam,
890 1418 1017 1472 erasm
1030 1415 1238 1484 platanoiulem
1265 1414 1312 1488 (Α.
1326 1417 1489 1486 ficisolinm
1508 1413 1596 1486 Vin),
1620 1417 1656 1469 Δ.
1682 1430 1768 1470 carra-

413 1517 563 1582 pesirem,
595 1513 726 1570 carram
753 1515 968 1585 sanguineam,
994 1517 1170 1585 Fanumque
1193 1517 1372 1584 calanticam
1398 1513 1624 1586 recognoverat
1649 1515 1686 1570 lit
1711 1515 1765 1571 ille

416 1625 489 1680 ergo
502 1611 583 1667 inter
596 1612 658 1668 baec
673 1612 855 1682 vegetabilis
867 1613 983 1670 fossilis
992 1613 1024 1669 et
1033 1612 1130 1670 adhue
1141 1613 1276 1682 vigentia
1287 1612 1450 1670 discrimen
1465 1612 1582 1680 nullum
1594 1613 1766 1668 invenerat.

470 1711 554 1766 Nune
572 1711 673 1768 aulem
694 1725 838 1782 magnum
859 1713 931 1768 illud
951 1715 1160 1770 Beouoalsar
1177 1709 1234 1784 (42)
1252 1727 1328 1782 opus
1346 1711 1537 1782 attingimus,
1556 1711 1634 1782 quod
1657 1711 1767 1768 auctor

416 1809 514 1865 morte
533 1811 705 1880 praeventus
724 1811 933 1881 imperfectum
953 1811 1086 1882 reliquit,
1104 1824 1197 1881 quum
1217 1825 1272 1866 nec
1290 1811 1557 1881 cryptogamsrum
1577 1810 1712 1881 ipsarum
1738 1830 1765 1866 e·

416 1907 657 1965 numerationem
677 1909 715 1965 ad
734 1910 823 1966 linem
844 1910 1007 1980 perducere
1027 1909 1186 1979 potuisset.
1207 1911 1249 1966 Ex
1270 1908 1362 1965 ltaliae
1375 1908 1529 1966 fossilibus
1544 1908 1766 1978 vegetabilibus

416 2006 559 2064 Fnemdee
586 2011 760 2079 leonenses,
788 2010 985 2078 Placentinae,
1014 2009 1143 2066 Venetas
1171 2009 1202 2066 at
1229 2008 1379 2080 praecipue
1406 2007 1573 2078 specimina
1592 2007 1764 2064 Cbmrdriiie

421 2104 576 2175 Turpionii
592 2105 623 2162 et
640 2107 810 2163 necesaria
829 2107 941 2177 optime
961 2107 1000 2162 ibi
1020 2107 1171 2177 descripta
1192 2107 1339 2164 invenies.
1359 2109 1438 2174 Quas
1456 2119 1562 2162 oannes
1580 2106 1696 2176 speeies
1712 2107 1763 2163 ille

416 2217 596 2260 enrrmerare
617 2205 708 2262 nimis
729 2205 853 2276 longum
872 2205 959 2274 foret,
968 2207 1068 2262 nmen
1085 2205 1389 2264 animadvertendum
1409 2220 1467 2262 nou
1493 2218 1598 2262 omnes
1620 2205 1657 2261 ab
1670 2206 1766 2262 omni·

417 2303 1055 2373 bussdmissaset1·ecognltas‚eteorum
1075 2305 1106 2360 in
1132 2304 1245 2362 classes
1269 2303 1514 2362 distributionem
1539 2303 1690 2373 pannus
1715 2319 1765 2359 re·

417 2401 577 2458 tractatam
596 2401 699 2460 fuisse.

490 2501 533 2556 Ex
548 2499 629 2557 italis
641 2504 748 2560 Aenesi
760 2500 802 2573 (3)
815 2501 934 2559 mnium
948 2502 1095 2558 memoria
1107 2501 1232 2572 dignum
1246 2501 1325 2572 pulo,
1338 2501 1390 2571 qui
1404 2501 1497 2570 priori
1517 2515 1608 2572 opere
1626 2501 1664 2558 de
1682 2501 1767 2557 foliis

417 2599 600 2670 insertisque
620 2600 740 2656 succino
759 2601 891 2670 inclusis,
905 2613 1009 2658 eorum
1023 2601 1211 2672 speclesnon
1231 2601 1417 2670 discernens,
1430 2599 1504 2670 agii,
1525 2601 1642 2670 priores
1662 2601 1766 2658 sulen
1885 2583 1886 2622 ³

419 2699 466 2754 vel
488 2699 634 2766 terrentes,
650 2700 699 2756 vel
719 2699 881 2773 simplices,
900 2700 948 2756 vel
967 2701 1075 2756 ovatas
1093 2702 1336 2772 Dicoigiedonnm
1355 2699 1445 2756 classi
1466 2699 1649 2762 adscribens,
1667 2699 1766 2770 poste·

419 2797 516 2853 riores
535 2811 608 2852 vero
627 2799 781 2854 Phalanna
807 2797 879 2854 Pisi
896 2812 963 2854 esse
987 2812 1135 2855 asserens.
1160 2798 1295 2854 Alterum
1317 2796 1359 2869 (4)
1378 2797 1511 2867 eiusdem
1530 2795 1664 2852 auctoris
1690 2810 1768 2866 opus

418 2894 516 2950 obiter
534 2895 653 2952 tantvm
673 2895 746 2952 folia
765 2896 905 2968 lignaque
924 2895 1040 2953 fossilis
1059 2895 1124 2953 sive
1144 2897 1173 2952 in
1194 2896 1315 2953 succino
1343 2895 1409 2953 sive
1433 2894 1464 2951 in
1490 2893 1615 2965 rupibus
1641 2893 1768 2950 inventa
1885 2903 1886 2920 ³

418 2994 549 3065 exponit
673 3065 675 3069 ι
1587 2993 1589 3000 ’

490 3093 600 3150 Emesa
621 3096 715 3151 ferme
734 3095 869 3166 tempore
892 3096 923 3152 el
940 3096 1082 3166 deinceps
1106 3095 1143 3152 de
1162 3095 1340 3166 phyllitibus
1365 3093 1577 3152 disseruerunt
1601 3093 1768 3150 Veneran-

421 3205 505 3250 sern
521 3191 608 3265 (318),
627 3196 815 3253 Paocaoorrn
834 3196 918 3252 liram
930 3192 1397 3266 (elaaeoaelasarsaeelaeei,
1409 3189 1664 3264 Bssronourflii),
1675 3193 1766 3248 Bura·

422 3305 493 3349 coru
502 3289 616 3364 (20.21),
627 3295 818 3351 sarracena
831 3291 910 3364 (277)
922 3293 990 3362 plus
1002 3292 1143 3349 minusve
1155 3291 1338 3362 vegetabilis
1349 3289 1467 3348 fossilis
1478 3289 1673 3359 attingentes.
1686 3290 1765 3354 Quos

424 3388 513 3458 inter,
527 3393 717 3449 Paooncerar
730 3393 814 3450 Ruoer
832 3389 864 3447 et
882 3393 1033 3448 Brisoana
1053 3391 1204 3460 precipue
1222 3389 1371 3446 memoria
1388 3387 1483 3459 digni,
1500 3387 1585 3458 prior
1596 3387 1668 3456 quia
1680 3385 1767 3457 quio·

417 3489 563 3559 quaginta
584 3490 700 3560 species
720 3489 932 3558 vegetabilium
953 3488 1224 3559 senogalliensium
1242 3486 1395 3557 describit,
1413 3499 1587 3544 aesomnes
1607 3485 1766 3542 arboribus

419 3587 507 3656 notis,
527 3588 581 3644 aut
605 3587 713 3644 saliem
733 3587 763 3643 in
787 3588 904 3646 ltaliam
923 3586 1052 3643 invectis
1071 3585 1237 3656 conferens,
1257 3585 1290 3642 ut
1308 3583 1486 3654 Emoboiria
1504 3581 1668 3654 Japorre'ea3
1686 3583 1766 3640 alter

419 3688 490 3758 quia
508 3688 625 3758 primus
649 3687 789 3744 foliorum
817 3686 1025 3744 servationem
1044 3686 1076 3742 in
1099 3686 1212 3744 classes
1230 3685 1379 3756 redigens,
1399 3699 1435 3740 ea
1452 3698 1506 3740 ceu
1527 3681 1702 3740 charactere
1720 3683 1765 3739 di·

419 3785 590 3842 slioeiionis
611 3785 719 3857 utitvrr,
733 3785 940 3842 subtilioribus
961 3784 1022 3843 lllis
1041 3784 1239 3854 argumentis,
1259 3784 1367 3854 qulbus
1380 3783 1418 3839 el.
1431 3784 1692 3840 Errmesseusna
1710 3795 1765 3838 nos

419 3885 556 3942 assuetos
576 3883 717 3952 reddidit,
737 3884 918 3955 praeludens.

429 4029 432 4034 .
490 3984 542 4040 liis
561 3999 678 4053 quoque
703 3983 889 4052 temporibus
916 3985 1056 4042 Parsirai
1074 3983 1149 4055 (236)
1164 3981 1347 4052 vegetabilis
1368 3981 1484 4038 fossilis
1498 3979 1606 4038 insulae
1619 3980 1765 4036 lacrimas

418 4082 625 4150 connumerat,
636 4095 730 4152 genus
742 4080 977 4150 Ampnnonesse
989 4082 1141 4138 invenisse
1160 4095 1309 4150 asserens,
1328 4079 1360 4135 et
1377 4083 1527 4138 Bsnslllo
1539 4080 1690 4137 calventi
1708 4077 1765 4151 (ll)

420 4179 495 4237 duas
509 4181 614 4236 «Lede
623 4201 639 4233 »
662 4182 760 4236 Nuces
772 4179 892 4236 fossiles
906 4179 1063 4248 memorat,
1075 4191 1203 4248 quarum
1216 4179 1344 4236 alteram
1356 4180 1418 4242 lam
1432 4177 1635 4247 descripserat
1648 4179 1764 4234 Srsss·

419 4292 512 4348 snae,
532 4279 661 4334 alteram
690 4291 771 4346 vero,
791 4276 875 4333 nulle
901 4276 999 4334 adhuc
1018 4277 1140 4333 nomine
1162 4275 1314 4346 donatam,
1332 4277 1513 4346 anlaadem
1537 4277 1765 4346 Bergomaesem

418 4377 585 4434 vocandam
612 4357 679 4433 esse
706 4375 790 4432 dicit.
818 4375 890 4445 Eius
918 4376 1019 4434 umen
1048 4375 1267 4446 descriptiones
1294 4389 1373 4446 saepe
1402 4375 1554 4445 neglectas
1582 4374 1614 4432 et
1633 4373 1765 4444 impares

418 4489 484 4533 osse
504 4475 552 4530 hie
570 4475 684 4532 dictum
705 4475 854 4531 volumus·

489 4573 599 4632 ffldem
619 4589 699 4630 anno
717 4573 753 4630 de
773 4571 926 4629 nonnullis
944 4571 1164 4643 vegetabilibus
1186 4571 1339 4630 fossilibus
1366 4571 1475 4628 librum
1503 4569 1598 4628 latino
1626 4583 1763 4628 sermone

419 4671 579 4734 exaratum
599 4671 736 4729 ediderat
755 4673 907 4742 Raaasar,
926 4683 993 4744 quo,
1011 4669 1049 4728 de
1068 4669 1159 4740 lignis
1183 4669 1336 4730 fossilibus
1354 4669 1440 4742 prius
1453 4668 1667 4730 dissertatione
1681 4667 1764 4732 insti·
