3818 5534
567 1077 842 1161 HISTORICUS
870 1077 1111 1160 EXCURSUS

761 1352 921 1365 ῌ

222 1965 282 2022 Hoc
300 1979 384 2034 opus,
402 1965 451 2020 cui
471 1964 579 2034 titplus
593 1966 686 2020 Flora
705 1963 845 2020 tertiaria
863 1966 980 2033 italica,
994 1964 1131 2034 quodque
1149 1965 1297 2022 edendum
1307 1977 1458 2032 curamus,
1471 1965 1513 2020 ct·

167 2066 193 2118 si
214 2064 344 2134 simplex
366 2063 586 2134 compendium,
607 2062 735 2132 alicujus
754 2064 856 2120 tamen
875 2077 942 2120 esse
961 2063 1103 2120 momenti
1124 2077 1291 2132 censemus
1311 2075 1380 2120 oum
1398 2062 1514 2118 difficil-

171 2161 277 2218 limum
300 2163 342 2218 sit
361 2163 395 2216 ut
413 2161 510 2218 multe
528 2175 621 2230 opera
639 2160 676 2218 dc
694 2159 849 2218 fossilibus
873 2161 1091 2228 vegetabilibus
1111 2161 1140 2216 in
1160 2161 1248 2218 ltalia
1271 2160 1406 2218 collectis
1424 2161 1514 2229 atque

166 2259 368 2330 perscrutatis
387 2259 553 2316 tractantia
576 2260 703 2330 quisque
728 2259 783 2316 sibi
803 2273 979 2331 comparare
998 2259 1103 2330 possit.
1122 2259 1154 2315 Ei
1174 2259 1276 2330 igitur,
1295 2258 1347 2328 qui
1361 2258 1398 2317 ad
1417 2257 1509 2326 binius

170 2357 305 2412 scientiae
332 2356 465 2444 studium
494 2372 526 2414 se
551 2357 676 2428 confert,
699 2357 860 2415 admodum
889 2357 1025 2429 proderit
1049 2371 1111 2428 pree
1142 2357 1281 2414 manibus
1307 2357 1432 2428 babere,
1457 2358 1514 2414 etsi

168 2456 353 2525 summatim,
373 2455 552 2525 diagnosim,
572 2456 770 2512 auctoritates
788 2457 983 2526 opportunas,
998 2471 1035 2512 ea
1053 2455 1155 2512 omnia
1172 2456 1302 2524 demum,
1319 2470 1387 2526 quae
1403 2455 1440 2511 de
1459 2455 1515 2511 hac

169 2567 201 2608 re
221 2553 253 2607 in
274 2553 445 2622 paeninsula
463 2552 566 2610 italica
579 2553 617 2610 ud
631 2554 735 2610 nostra
755 2553 818 2610 hac
837 2553 974 2622 tempora
992 2553 1178 2622 prodierunt.
1196 2554 1309 2608 Horum
1328 2553 1430 2610 autam
1449 2567 1516 2623 ope·

168 2665 236 2708 rum
253 2667 322 2709 cum
342 2666 493 2724 perpauca
510 2653 696 2710 inmanibus
713 2653 786 2722 siut,
800 2653 981 2708 multavere
995 2652 1145 2722 plerisque
1164 2652 1283 2721 ignota;
1301 2651 1340 2708 ad
1360 2665 1423 2710 rem
1436 2651 1517 2708 duci·

168 2763 244 2820 mus,
265 2751 453 2820 prelationis
465 2751 541 2822 loco,
554 2751 677 2808 brevem
697 2751 833 2808 historiae
847 2764 997 2808 summam
1016 2737 1053 2806 dc
1072 2749 1183 2806 italicae
1201 2749 1334 2819 regionis
1347 2749 1516 2819 palaeopby·

168 2848 283 2918 tologia
304 2851 389 2906 nobis
415 2865 482 2908 esse
511 2850 710 2919 scribendam,
728 2849 764 2906 de
784 2849 822 2906 ils
849 2849 1000 2921 praecipue
1025 2849 1179 2919 opusculis
1197 2848 1390 2917 disserentes,
1409 2847 1517 2918 quibus

170 2949 356 3017 vegetabilis
375 2949 506 3006 tertiarii
521 2950 579 3006 aevi
597 2949 811 3016 enucleantur,
824 2949 894 3004 aliis
906 2961 1022 3018 quoque
1036 2947 1116 3004 haud
1135 2945 1356 3016 pretermissis.
1369 2949 1408 3002 De
1422 2946 1461 3002 ils
1474 2947 1517 3002 ta·

170 3059 248 3114 men,
269 3061 334 3116 quae
354 3046 479 3116 maioris
498 3047 640 3118 ponderis
658 3047 740 3116 sunt,
763 3047 856 3102 verba
875 3047 922 3102 liic
945 3045 1062 3104 tantum
1082 3045 1236 3114 iaciemus,
1261 3043 1299 3100 ad
1319 3044 1428 3100 seriem
1449 3045 1518 3100 buic

173 3159 300 3201 summae
320 3146 526 3216 postpositam,
545 3160 612 3217 qua
631 3145 757 3202 minoris
776 3145 866 3214 pretii
886 3144 1034 3212 videntur,
1054 3144 1254 3201 remittentes.

226 3247 256 3300 ln
278 3243 343 3314 bec,
364 3243 443 3300 sicut
468 3244 500 3300 et
526 3244 558 3300 ln
576 3227 858 3307 oeterls'sclentiis.
884 3244 952 3300 duae
981 3243 1101 3314 epucbae
1125 3242 1361 3313 distinguendae:
1388 3257 1516 3314 quarum

172 3342 236 3410 uni,
263 3341 500 3412 praedieatione
527 3341 836 3412 nuncupationum
863 3342 918 3398 illa
942 3355 1034 3410 opera
1061 3341 1244 3410 referuntur,
1268 3355 1335 3411 qnae
1361 3342 1391 3396 in
1420 3341 1516 3397 lucem

169 3439 349 3508 prodierunt
373 3441 535 3510 antequam
559 3440 734 3496 ordinative
759 3439 944 3496 naturalium
964 3452 1124 3508 corporum
1149 3437 1346 3496 fundamenta
1360 3439 1445 3508 jacta
1469 3454 1515 3494 es·

170 3539 247 3603 sent,
265 3537 473 3609 lussiliumque
493 3539 603 3596 natura
615 3538 752 3607 definita,
771 3554 837 3608 quae
850 3539 1004 3608 tamquam
1023 3542 1143 3594 amum
1158 3541 1242 3593 lasus
1254 3537 1451 3604 habebantur,
1465 3540 1519 3592 alit

173 3639 279 3705 partus
299 3637 381 3694 illius
400 3652 467 3707 quae
488 3640 625 3708 lapidum
642 3635 785 3706 venantio
804 3637 978 3707 vocabatur,
996 3636 1124 3706 aliisque
1143 3635 1180 3692 de
1199 3636 1299 3693 causis
1318 3650 1402 3706 aeque
1431 3635 1518 3694 miris

170 3735 261 3804 atque
280 3750 300 3791 a
318 3735 449 3792 veritate
467 3735 694 3801 dissidentibus
714 3735 862 3804 originem
881 3734 1004 3791 duxisse
1023 3734 1218 3804 putabantur.

226 3833 301 3888 Huic
319 3835 440 3904 epochae
458 3834 561 3891 omnia
579 3848 671 3904 opera
689 3832 889 3890 adscribenda
908 3846 1153 3902 censemusquae
1172 3832 1202 3888 in
1222 3832 1318 3888 lucem
1344 3831 1522 3902 prodierunt

177 3931 287 3986 sarculo
306 3929 397 3988 xlx?
416 3931 548 3988 nondum
567 3930 705 4001 ineoeplo.

232 4027 336 4084 Altera
354 4043 427 4086 vero
446 4030 567 4100 epocha,
586 4044 652 4100 quae
672 4043 783 4098 magna
801 4044 838 4084 ex
858 4029 944 4098 parte
957 4029 1004 4086 est
1017 4043 1089 4084 veae
1108 4029 1283 4100 scientifica,
1298 4029 1523 4091 maximumnue

178 4138 302 4196 opernm
324 4141 482 4185 numerum
500 4128 642 4198 continet,
661 4127 752 4197 atqua
769 4128 807 4183 ab
828 4127 954 4183 ineunte
973 4127 1082 4184 saeculo
1100 4125 1194 4184 11111.ο
1214 4141 1306 4197 usque
1328 4127 1366 4183 ad
1386 4129 1522 4185 nostruin

175 4219 229 4278 boc
258 4225 376 4294 tempus
394 4225 579 4296 extenditur,
594 4227 625 4282 in
645 4225 832 4294 ordinandis,
846 4224 1069 4296 pertractandis
1082 4240 1116 4282 ae
1130 4224 1281 4296 praecipue
1297 4223 1446 4281 fossilium
1459 4239 1523 4294 spe-

175 4319 277 4376 ciebus
296 4323 465 4380 statuendis
483 4323 658 4382 continuum
684 4336 879 4392 progressum
900 4323 1098 4389 demonstrat,
1116 4323 1206 4393 atque
1231 4322 1522 4390 investigationibus,

181 4415 358 4487 plerumque
377 4420 570 4489 acutissimis,
590 4422 769 4478 le1=ecert0s
790 4435 844 4478 nos
863 4420 970 4489 reddit,
990 4420 1027 4477 ad
1047 4420 1117 4477 illas
1135 4421 1250 4490 speeies
1268 4433 1303 4475 ac
1322 4433 1440 4490 genera,
1458 4434 1524 4489 quae

180 4511 290 4582 singuli
309 4518 450 4574 auctores
468 4519 651 4588 statuerunt,
669 4521 756 4588 typos
777 4518 895 4575 fossiles
914 4532 1023 4574 revera
1042 4519 1204 4588 pertinere.

250 4617 400 4684 lipoeba
421 4618 726 4684 praescientiam.
751 4647 775 4660 -
800 4617 1091 4688 Nobisdivislonem
1112 4617 1257 4687 temporis
1281 4617 1455 4686 praedictam
1481 4631 1525 4674 se·

180 4717 351 4789 nueutibus,
365 4715 483 4774 labente
498 4715 563 4784 jana
579 4716 689 4772 saeculo
706 4717 779 4786 xvi,
799 4729 868 4772 cum
887 4715 924 4772 ad
945 4728 1009 4771 rem
1030 4729 1087 4771 nun
1108 4715 1248 4788 putemus
1267 4711 1353 4786 prius
1371 4729 1437 4772 csse
1455 4715 1526 4772 inci·
