3818 5534
1400 523 1478 568 11¹1

121 621 273 692 bationess
286 623 316 681 at
335 623 446 682 seriam
468 625 734 682 binioncuceoram
753 637 769 679 e
789 618 900 691 Spoleti
920 619 1027 692 ligulis
1046 619 1204 678 erutarum
1217 619 1248 678 et
1260 633 1280 677 a
1292 619 1408 676 domita
1421 622 1477 678 Fa.

122 727 338 783 casraacaas
351 723 408 794 (63)
422 726 452 781 16
475 725 601 781 classem
623 723 865 780 distributurum.
888 723 1016 780 cusator
1034 720 1094 794 (77)
1114 735 1231 792 quoque
1250 721 1397 791 perbreve
1421 719 1478 776 fos-

120 825 230 880 silium
250 825 440 880 formationis
459 823 663 893 quaternarias
682 822 803 879 exbibet
821 822 989 890 elenchum,
1002 821 1033 877 et
1051 821 1200 891 quoddam
1221 823 1300 878 male
1318 819 1475 877 servatum

118 925 348 992 lepridodeadri
366 924 531 994 vestigium
550 923 693 980 describit
711 925 858 981 Touuasr
871 919 955 994 (53).
970 922 1148 991 Priusquam
1162 935 1235 977 vero
1258 921 1386 978 ulterius
1407 935 1476 991 pro·

119 1021 351 1091 mammonin
372 1022 548 1093 exponendo
561 1021 674 1078 laudati
688 1019 819 1077 Baronls
837 1021 882 1079 lla
893 1024 988 1078 Zrouo
1001 1035 1090 1092 opere
1101 1019 1177 1093 (399)
1196 1020 1352 1090 paulisper
1369 1019 1473 1076 immo·
1582 1084 1588 1096 ¹

119 1121 255 1176 randum
276 1121 342 1176 erit
362 1121 401 1178 Ui
420 1135 457 1176 ex
477 1121 542 1190 ipsc
561 1120 637 1176 satis
655 1119 775 1176 mustei
793 1118 1008 1189 titulo,auctor
1020 1118 1204 1188 vegetabilis
1217 1118 1407 1176 formationis
1426 1133 1475 1174 oo-

117 1219 239 1276 litbicae
257 1219 412 1290 explanat,
432 1235 499 1290 quae
517 1221 566 1276 vel
586 1221 651 1288 ipse
669 1234 707 1274 ex
726 1219 813 1275 ltalia
831 1218 1050 1288 congessitvel
1064 1217 1102 1273 ab
1119 1217 1189 1274 allis
1209 1217 1265 1274 sibi
1285 1217 1475 1274 commodata

120 1317 320 1382 fueruntaut
339 1317 490 1387 prioribus
505 1318 571 1386 iam
590 1316 773 1387 exposuerat
794 1317 958 1374 memoriis.
978 1315 1125 1384 ampliori
1145 1315 1246 1372 autem
1261 1315 1379 1372 ratione
1391 1316 1475 1373 tlorae

117 1413 282 1470 ooloibicae
302 1413 413 1469 italica
433 1413 565 1480 regionis
583 1414 615 1467 et
634 1413 785 1482 praecipue
804 1413 909 1470 Veneti
922 1413 988 1482 agri
1008 1413 1208 1482 explicantur.
1222 1399 1387 1469 Breviiatls
1405 1429 1475 1470 cau·

119 1527 157 1568 sa
175 1513 243 1568 baec
262 1513 471 1568 tantummodo
490 1527 528 1567 ex
548 1512 613 1582 ipso
631 1525 722 1581 opere
741 1511 831 1568 liceat
849 1513 973 1568 referre.
996 1512 1092 1568 Florae
1110 1512 1302 1568 formationis
1325 1511 1475 1568 oolitblcea

120 1611 243 1666 veneta
267 1625 336 1668 cum
356 1611 416 1667 illis
443 1609 560 1677 Galliae,
589 1609 742 1678 Helvetia,
767 1610 936 1669 Germaniae
955 1609 986 1665 et
1011 1609 1127 1678 anglia
1152 1609 1377 1680 comparantur,
1399 1610 1478 1666 unde

118 1709 251 1777 eruitur,
261 1709 429 1766 statumina
448 1705 633 1778 pbyllitifern
653 1708 718 1776 agri
739 1709 854 1776 veneti,
874 1705 934 1764 illis
953 1707 1116 1764 comitatus
1134 1709 1237 1764 Yorck
1256 1707 1398 1778 exceptis,
1413 1723 1476 1778 prae

119 1809 233 1865 ceteris
252 1823 319 1864 esse
337 1808 458 1877 ditiora,
478 1807 509 1862 et
527 1806 710 1874 vegetabilis
728 1806 871 1863 oolltblca
890 1806 999 1862 veneta
1017 1805 1212 1862 strictissimo
1232 1821 1311 1862 nexu
1330 1807 1476 1864 cumillis

122 1907 335 1976 scer-borongn
356 1906 387 1962 et
404 1907 527 1976 Wbitby
541 1905 720 1976 (comitatus
732 1907 845 1968 Yorclxi
858 1905 1217 1974 consi1·ingl.fleneratim
1236 1919 1310 1962 vero
1329 1905 1477 1975 loquendo

120 2007 302 2076 cuicumque
321 2005 430 2075 special
450 2005 678 2075 prolixaeque
698 2005 860 2075 peculiaris
878 2004 1050 2074 descriptio,
1070 2019 1124 2060 nec
1144 2019 1202 2061 uon
1224 2019 1284 2062 una
1303 2004 1352 2059 vel
1372 2004 1475 2074 plures

120 2105 274 2175 exculptae
294 2105 410 2174 figurae,
437 2104 470 2160 ut
495 2103 590 2174 ipsius
615 2103 724 2173 speciei
754 2103 920 2160 faciliorem
951 2103 1080 2159 reddant
1106 2102 1402 2172 determinationem,
1425 2103 1477 2160 ad·

116 2205 210 2272 jectae
230 2204 367 2261 fuerunt.
391 2203 554 2259 Dolendum
579 2203 716 2274 denique,
730 2203 883 2259 auctorem
906 2217 982 2274 opus
1001 2203 1078 2258 tanti
1108 2202 1250 2272 ponderis
1273 2203 1353 2273 qnod
1377 2203 1476 2260 tribus

119 2301 328 2358 voluminibus
347 2300 563 2356 absolvendum
586 2301 664 2365 erat,
685 2301 783 2358 morte
801 2301 975 2369 preventus
990 2300 1027 2355 ai
1048 2300 1136 2357 linem
1150 2299 1288 2370 optatum
1307 2299 1471 2370 perducere

121 2401 306 2470 nequivisse.
324 2403 347 2456 11
364 2399 480 2456 duobus
501 2399 704 2456 voluminibus
723 2399 867 2456 confectis
887 2401 971 2469 prius
993 2399 1217 2469 llcoiyledoues,
1229 2399 1360 2456 alterum
1375 2401 1475 2456 Mono-

124 2499 321 2570 cotyledones
340 2499 524 2570 explanani;
542 2499 633 2554 tertio
652 2499 807 2567 volumini,
827 2499 914 2569 qnod,
934 2499 968 2556 ut
986 2499 1129 2568 diximus,
1150 2497 1350 2570 desideratur,
1365 2499 1478 2556 conife-

123 2611 231 2654 rarum
251 2598 485 2668 descriptionem
504 2597 535 2652 et
554 2597 647 2654 totilas
666 2597 767 2668 operis
786 2597 942 2666 generales
960 2597 1168 2655 conclusiones
1187 2597 1410 2655 reservaverat

194 2697 294 2764 Plura,
315 2693 493 2751 nontamen
514 2695 615 2764 magni
636 2695 784 2765 ponderis,
802 2710 883 2752 anno
905 2695 973 2752 1886
1000 2697 1033 2752 16
1054 2697 1151 2752 lircem
1171 2694 1349 2766 prodierunt
1371 2709 1473 2766 opera,

122 2811 192 2866 ques
212 2795 395 2864 vegetabilis
414 2792 530 2850 fossilla
550 2794 618 2864 plus
637 2795 776 2851 minusve
795 2795 892 2851 obiter
910 2795 1048 2864 tangunt,
1066 2808 1157 2865 quum
1177 2795 1230 2851 aut
1248 2808 1340 2852 merae
1366 2793 1476 2864 compl·

124 2893 264 2960 lationes,
284 2895 338 2948 aut
354 2892 517 2962 perbreves
540 2891 761 2962 adnotationes,
778 2893 924 2962 quasdam
944 2893 1067 2950 florulas
1093 2892 1204 2949 locales
1223 2893 1343 2948 muium
1370 2893 1473 2962 expla-

124 2991 235 3047 nantes
254 2990 325 3048 sint.
344 2991 554 3048 casraxoans
572 2989 632 3061 (63)
653 2991 810 3047 elenchum
839 2989 1061 3047 Diatomearum
1082 2990 1204 3060 Spoleti,
1229 3005 1317 3059 quem
1337 2991 1477 3061 superius

122 3089 326 3158 laudavimus,
345 3090 444 3156 arixitt
463 3092 588 3147 cnseret
609 3087 677 3160 (78),
691 3089 884 3146 adnotatione
905 3089 970 3158 illa,
990 3105 1049 3160 qua
1069 3089 1185 3145 fossilia
1203 3089 1400 3158 quaternaria
1421 3090 1476 3146 Ro·

126 3202 221 3243 mana
233 3189 365 3256 exponit,
378 3187 560 3256 vegetabilia
579 3189 692 3244 Montis
712 3187 818 3255 Pincii,
836 3187 1011 3258 Quirinalis,
1032 3187 1192 3244 Viminalis
1210 3189 1241 3244 et
1258 3187 1405 3258 Esquilini
1431 3203 1477 3244 re·

121 3287 243 3354 censci3
256 3289 299 3344 lla
311 3287 390 3343 'forn
404 3301 477 3342 reio
490 3287 521 3344 el
533 3289 776 3345 Lavi-Monenos
786 3285 859 3360 (357,
868 3285 929 3356 358,
936 3286 1001 3358 359)
1020 3285 1119 3343 tribus
1137 3287 1292 3343 memoriis
1310 3287 1474 3344 ordinatim

123 3385 472 3454 pervulgatis,quamvis
483 3385 520 3442 de
533 3385 610 3456 algis
622 3385 796 3441 viventibus
808 3385 959 3456 praecipue
971 3384 1074 3454 agant,
1086 3385 1232 3454 quasdam
1245 3385 1346 3442 166166
1359 3386 1475 3455 species

122 3481 346 3538 Diatomearum
360 3483 391 3539 et
403 3483 564 3539 Fucoidum
577 3483 725 3540 fosslllum
736 3481 801 3552 agri
822 3483 926 3538 Veneti
940 3482 1128 3539 enumerant
1141 3485 1177 3538 Et
1189 3483 1226 3538 de
1240 3483 1402 3540 Diatomeis
1415 3480 1475 3540 fos-

121 3580 355 3637 silibnsduabus
365 3579 608 3637 adnotationibus
621 3581 764 3638 disseruit
773 3578 1165 3654 tancr(lts,llsl,qnarum
1175 3579 1274 3636 altera
1283 3595 1338 3638 sex
1350 3579 1381 3636 et
1390 3581 1476 3651 quin·

119 3677 269 3748 quaginta
287 3679 410 3734 illerum
431 3678 547 3748 species
567 3678 786 3747 nonnullasque
805 3678 972 3734 varietates
992 3677 1029 3734 ad
1055 3677 1170 3735 ‹Gabi›
1187 3677 1328 3735 inventas
1341 3678 1473 3748 exponit,

120 3776 221 3832 altera
238 3777 370 3845 quatuor
388 3777 419 3832 ei
431 3776 652 3846 quinquaginta
665 3777 788 3845 species,
802 3775 1002 3832 varietatibus
1016 3775 1095 3832 band
1110 3775 1325 3846 praetermissis
1342 3777 1470 3832 «carae

121 3873 160 3928 ad
180 3875 207 3929 6
228 3874 373 3941 agnetem
393 3873 424 3928 in
444 3873 500 3928 Via
519 3873 707 3929 Nomentana
725 3873 829 3930 erutas
849 3872 995 3942 meminit,
1017 3886 1086 3942 quaa
1105 3887 1209 3930 omnes
1238 3887 1347 3942 aquam
1368 3873 1472 3930 vivam

122 3971 343 4026 inhabitabant.
363 3973 440 4028 Duas
460 3971 670 4028 adnotationes
694 3971 770 4028 actis
794 3969 951 4028 societatis
971 3971 1120 4028 Hetruriae
1144 3969 1309 4026 ordinatim
1335 3971 1476 4040 vulgarit

126 4066 426 4140 11666661(961,262),
451 4083 579 4138 quarum
598 4069 682 4140 prior
699 4069 796 4126 obiter
816 4069 934 4126 iautxrm
954 4069 1137 4138 vegetabilis
1160 4069 1266 4138 tangit,
1285 4069 1383 4126 altera
1401 4084 1475 4125 vcro

125 4167 270 4236 pbyllites
290 4167 488 4222 tiburtinosas
503 4167 651 4223 Hetruriae
664 4167 860 4223 memoratio
875 4166 1060 4237 explicandis
1073 4166 1171 4223 dubiis
1185 4167 1331 4236 vestigiis,
1345 4167 1424 4236 algis
1435 4166 1475 4224 si·

126 4266 258 4335 milibus,
271 4280 337 4335 quae
350 4266 381 4320 in
395 4265 626 4321 formationibus
640 4265 788 4321 tertiarlis
802 4264 987 4322 redamandi
1004 4265 1211 4334 inveniuntur,
1222 4265 1327 4322 sedulo
1342 4265 1477 4321 incubuit

123 4363 311 4437 Sacooiml,
321 4365 547 4434 Poloeodictgoa
559 4378 623 4433 prae
635 4363 744 4420 ceteris
757 4362 1015 4433 investigandaet
1028 4364 1128 4433 paullo
1140 4364 1207 4434 post
1218 4364 1358 4434 operibns
1366 4363 1474 4434 quibus

123 4461 232 4517 titulus
251 4462 359 4517 «valle
378 4461 458 4518 della
477 4461 566 4517 Stura
585 4461 615 4516 di
629 4463 726 4516 dune)
739 4459 838 4532 (269)»
859 4461 890 4516 et
902 4459 1017 4516 «Plano
1031 4462 1213 4518 Messiniano
1228 4462 1276 4517 nel
1290 4461 1443 4518 Piamonte
1458 4482 1471 4514 ι

120 4561 196 4631 (271)
223 4560 439 4631 vegetabilium
472 4559 621 4616 fossilium
650 4559 840 4629 superiorum
860 4559 991 4629 praebuit
1012 4559 1185 4628 elenchum
1209 4560 1281 4617 dum
1304 4560 1402 4616 altera
1421 4559 1471 4616 ad·

121 4657 275 4712 iromtioue
294 4657 331 4712 dc
351 4655 533 4712 formatione
553 4656 674 4712 liassica
692 4655 857 4724 superioris
877 4656 975 4714 Sturas
994 4656 1087 4713 (iunci
1109 4657 1201 4714 vallis
1218 4643 1477 4730 (270),‘disserens

130 4753 282 4814 nonnullis
301 4769 418 4829 quoqne
439 4753 630 4830 pseudoelgis
649 4753 759 4814 innuit.
