3818 5534
421 491 486 543 xxx

421 597 537 654 fossilis
556 611 747 668 enumerans,
767 596 940 668 plantarum
960 609 1077 668 quoque
1097 593 1288 654 formationis
1308 594 1480 668 pliocenioae
1496 585 1537 669 ’(0)
1555 595 1692 667 ejusdem
1722 609 1781 654 re-
1882 630 1883 645 ,

421 699 519 768 pionis
547 699 676 770 praebuit
702 699 874 768 elenchum,
903 701 944 756 lis
973 700 1109 759 Srsrurr
1136 697 1211 771 (330)
1240 698 1416 769 perbrevem
1446 698 1604 768 evulgavit
1630 699 1668 756 de
1694 699 1781 767 algis

420 799 539 870 Alpium
555 804 747 868 Apuaoarum
761 798 1015 868 dissertationem,
1028 813 1066 854 ex
1079 799 1187 869 quihus
1207 799 1371 864 nonnulla,
1384 800 1441 856 etsi
1456 815 1493 855 ao
1514 800 1701 870 vegetabiles
1723 815 1780 855 re·

420 913 495 954 vera
512 898 582 966 sint,
595 913 652 954 non
672 898 755 954 certo
779 897 905 966 constat,
924 897 1068 967 tanquam
1088 912 1215 966 prorsus
1234 912 1320 954 nova
1343 898 1487 955 habendae
1508 899 1588 955 sunt.
1614 897 1777 955 Bactrillo·

418 1013 486 1056 rum
506 998 646 1055 naturam
666 999 763 1054 altero
781 1013 870 1068 ripere
890 997 967 1069 (329)
986 997 1066 1054 idem
1085 999 1190 1054 auctor
1205 998 1361 1068 inquirens
1386 1013 1438 1055 eos
1462 999 1574 1055 rectius
1594 999 1690 1056 testas
1705 1002 1777 1056 Pte·

420 1099 565 1170 ropodum
585 1098 734 1165 censebat,
754 1098 784 1153 in
804 1097 897 1152 tertio
916 1097 993 1159 (327)
1013 1097 1133 1152 demum
1153 1097 1249 1167 ipsius
1274 1100 1317 1156 Da
1341 1100 1478 1157 Srarnrcr
1504 1113 1594 1168 opere
1619 1099 1771 1168 quosdam

419 1198 632 1268 vegetabilium
652 1196 799 1253 fossilium
819 1195 1007 1265 aliorumque
1027 1196 1228 1266 vestigiorum
1244 1196 1385 1254 elenchos
1397 1185 1505 1266 cuique
1519 1197 1692 1254 formationi
1713 1198 1773 1253 ad·

415 1296 521 1365 jactos,
545 1295 728 1356 invenimus,
752 1293 861 1350 Eadem
886 1293 1005 1362 ratione
1029 1295 1221 1352 Tanauaonr
1247 1269 1326 1364 (350)
1354 1295 1582 1352 celeberrimum
1607 1296 1644 1351 de
1677 1311 1774 1352 vene-

419 1395 520 1450 torum
541 1393 696 1462 regionum
716 1391 853 1460 geologia
871 1405 946 1460 opus
964 1392 1139 1460 composuit,
1156 1391 1346 1448 formationis
1366 1391 1560 1462 palaeozoioae
1573 1393 1604 1448 et
1623 1394 1772 1450 secunda·

420 1493 474 1550 riae
499 1506 652 1562 exponens
681 1487 869 1559 vegetabilia.
904 1487 1056 1548 Sturnos
1077 1488 1154 1558 (283)
1173 1505 1290 1560 quoque
1309 1491 1345 1546 de
1371 1489 1479 1548 Licates
1505 1489 1635 1561 piscibus
1657 1493 1769 1548 ilerum

417 1606 520 1662 agens
541 1603 652 1646 novum
671 1588 891 1644 dialomearum
910 1587 1059 1644 fossilium
1071 1587 1166 1643 edidit
1189 1589 1356 1654 elenchum,
1376 1587 1472 1658 deque
1491 1589 1539 1659 iis,
1557 1604 1625 1658 quae
1644 1591 1675 1645 in
1697 1606 1769 1646 non·

419 1691 512 1748 nullis
532 1690 598 1760 agri
624 1687 826 1746 Messanensis
853 1687 974 1742 schistis
999 1687 1124 1754 invenit,
1150 1686 1229 1743 idem
1254 1687 1386 1744 adstruit
1410 1690 1549 1746 Nrcoraa
1573 1688 1664 1761 (223);
1687 1691 1767 1748 llam

419 1789 496 1861 (200)
521 1789 642 1846 demum
668 1787 850 1856 vegetabilis
875 1785 991 1843 fossilis
1014 1787 1079 1855 agri
1099 1787 1224 1844 Romani
1252 1787 1351 1857 tophis
1371 1789 1518 1845 leoeitieis
1544 1789 1663 1846 inclusa
1686 1805 1763 1846 eou-

419 1889 523 1946 merai.
548 1890 607 1944 Neo
631 1887 730 1956 prima
753 1900 825 1955 pars
849 1885 950 1959 operis
974 1887 1127 1943 Rursum·
1145 1884 1230 1957 (259),
1249 1900 1316 1955 quea
1336 1887 1457 1956 plantas
1481 1885 1600 1943 fossiles
1626 1887 1767 1958 antiquas

418 1988 513 2046 ltaliae
530 1987 686 2060 (Cioodeca
706 1997 811 2053 nempe
830 1981 907 2056 eta),
927 1983 1039 2054 praeter
1067 1983 1136 2040 illes
1166 1985 1294 2040 aliarum
1324 1985 1406 2041 orbis
1432 1987 1599 2055 regionum,
1619 1989 1764 2056 recenset,

418 2087 539 2144 silentio
557 2084 777 2158 praetereunda.

469 2187 553 2242 Nunc
572 2200 644 2242 vero
663 2199 730 2256 quae
750 2183 789 2240 ad
808 2193 921 2238 annum
944 2181 1012 2240 1882
1031 2181 1176 2252 spectant,
1193 2184 1391 2252 proferemus.
1409 2183 1527 2240 Prodiit
1553 2184 1658 2242 eodem
1686 2201 1764 2241 anno
1880 2168 1881 2175 ἵ

415 2285 452 2342 ds
471 2284 631 2342 dlatomeis
649 2282 801 2340 fossilibus
820 2269 1081 2348 commtntnrinrn,
1101 2282 1224 2338 auctore
1244 2284 1339 2340 Lanzr
1358 2283 1443 2355 (145),
1455 2284 1505 2354 qul
1527 2284 1557 2340 in
1571 2283 1680 2342 iisdem
1692 2299 1763 2340 enu-

416 2383 549 2442 cleandis
568 2397 605 2438 ex
625 2381 759 2454 professo
778 2380 923 2450 incubuit,
942 2379 1003 2436 illis
1022 2381 1194 2449 presertim
1214 2381 1404 2439 formationis
1422 2383 1627 2452 quaternaria
1646 2383 1760 2438 circum

417 2497 573 2544 romanam
594 2481 747 2552 regionem
761 2479 941 2548 jacentibus·
954 2480 1050 2536 Unam
1071 2479 1101 2534 et
1120 2477 1227 2546 viginti
1247 2477 1413 2536 diammeas
1432 2479 1550 2536 fossiles
1569 2479 1607 2536 ad
1629 2481 1712 2537 «ror
1731 2480 1760 2536 dl

415 2583 547 2652 Quirite»
570 2579 712 2636 inventas
724 2577 847 2635 laudato
865 2590 955 2646 opere
975 2575 1052 2632 idem
1073 2576 1178 2631 auctor
1197 2576 1329 2646 exponit.
1342 2577 1526 2634 Memorandi
1544 2577 1705 2647 operissoi
1725 2579 1762 2633 de

418 2681 509 2752 lignis
528 2678 680 2736 fossilibus
700 2676 829 2747 primam
850 2675 975 2744 partem,
994 2687 1054 2742 qna
1073 2674 1288 2731 formationum
1303 2677 1535 2746 sulphurearum
1549 2675 1715 2733 Trinacriae
1729 2678 1763 2732 li-

417 2794 476 2850 qna
494 2775 704 2848 explanantur,
724 2772 919 2844 pervulgarit
937 2773 1045 2830 liaeus
1062 2771 1155 2843 (lit),
1176 2772 1299 2831 Nreours
1319 2787 1391 2828 vero
1409 2773 1499 2845 (222),
1526 2774 1770 2832 adnotationibus

416 2875 649 2950 pulcherrimam
669 2872 735 2942 agri
755 2870 936 2926 Veronensis
956 2868 1139 2938 geologioam
1162 2870 1299 2926 chortam
1325 2871 1581 2939 collustrantihus,
1601 2873 1761 2942 phyllitum

417 2971 774 3044 formationisjurasslcse
787 2966 1189 3035 exasalaorno,l³issa1nito,
1204 2968 1330 3034 zuliani,
1343 2970 1472 3038 risnello,
1486 2971 1617 3039 fessam,
1630 2971 1765 3027 Soando-

416 3079 490 3144 lorn,
509 3071 695 3142 l’ornigotti»
709 3083 784 3140 quas
798 3067 862 3136 jam
877 3065 968 3122 antea
984 3067 1194 3124 Massanorno
1207 3067 1238 3122 et
1250 3069 1293 3124 Da
1312 3071 1405 3126 zraro
1418 3069 1665 3137 enucleaverant,
1679 3069 1762 3126 elen-

415 3177 503 3234 chum
524 3171 662 3244 prebuit.
682 3169 815 3236 eratuor
833 3165 1132 3220 Lithoihamnimnm
1151 3165 1341 3221 formationis
1367 3166 1525 3234 tertiariae,
1543 3167 1631 3222 novis
1651 3167 1682 3223 in
1709 3181 1761 3224 eas

415 3269 661 3332 ‹interminandas
679 3263 903 3324 characteribus
932 3260 1084 3330 adhibitis
1107 3261 1238 3318 nondum
1267 3263 1407 3318 invenies
1432 3263 1625 3319 enumeravit
1648 3265 1764 3333 species

416 3375 618 3432 Pharaonem
640 3364 721 3438 (227),
741 3365 773 3420 et
790 3363 941 3420 stasanor
959 3356 1048 3432 (259),
1068 3359 1218 3415 Batanicee
1244 3360 1407 3416 tractatum
1435 3361 1618 3431 persecutus,
1637 3362 1759 3433 Lepida

415 3471 576 3539 ‹lorirlreoa
597 3467 802 3532 calamonem,
821 3462 888 3529 eto,
908 3460 1019 3516 italicis
1038 3457 1117 3515 baud
1136 3458 1357 3527 praetermissis,
1376 3461 1525 3530 exposuit.

487 3568 645 3628 l'ossiilum
664 3560 854 3624 formationis
874 3559 1055 3615 tortonianae
1076 3557 1113 3612 ad
1134 3557 1224 3627 caput
1243 3559 1292 3613 «S.
1314 3558 1435 3614 Marco»
1452 3560 1481 3614 in
1502 3559 1603 3616 insula
1623 3559 1763 3618 Sardinia

414 3669 599 3730 ‹lotoctorum
619 3664 774 3722 elenchum
794 3657 938 3730 quasdam
959 3654 1123 3712 ‹liatnmeas
1142 3669 1258 3724 quoque
1286 3655 1597 3725 cornprehendeutem,
1612 3673 1692 3714 enrro
1712 3659 1761 3714 in·

417 3769 563 3844 soquentl,
583 3769 723 3824 Bonnam
742 3761 773 3816 et
792 3762 921 3817 Penuria
941 3753 999 3824 (29)
1017 3752 1194 3820 conficiunt3
1213 3753 1285 3808 dum
1306 3753 1476 3810 orazanum
1500 3757 1531 3810 et
1550 3756 1689 3812 Bilobitea
1703 3759 1761 3812 for·

418 3863 558 3922 motionis
578 3859 737 3918 Silurlanae
755 3857 787 3913 et
805 3854 992 3912 cumbrianae
1013 3850 1120 3906 insulae
1140 3850 1288 3907 Sardiniae
1301 3851 1466 3921 explanant
1485 3854 1667 3910 marsanam
1683 3853 1762 3926 (203)

416 3963 447 4018 ,q
467 3965 664 4020 nonnunqum
684 3953 754 4026 (30)
774 3969 808 4010 ac
828 3954 998 4009 Sruosacar
1016 3943 1092 4018 (301)
1113 3947 1271 4004 nonnullas
1294 3947 1428 4003 succides
1449 3949 1567 4018 aliaque
1591 3950 1683 4008 dubia
1710 3966 1762 4007 ve·

416 4059 508 4130 situla
525 4075 562 4116 ox
585 4057 703 4114 ‹blcnte
722 4053 802 4110 della
820 4053 939 4107 Veron»
955 4047 1075 4103 demum
1095 4045 1264 4101 enumerat.

486 4163 515 4217 lu
535 4157 695 4230 quamdam
715 4151 864 4210 fossillum
882 4147 1000 4214 seriem,
1015 4145 1135 4215 plantas
1154 4158 1270 4214 quoque
1290 4147 1377 4202 collis
1396 4147 1538 4217 Supergae
1558 4145 1760 4220 exhibentem,

415 4259 536 4314 nrrrrtorn
551 4258 660 4314 l‘oarrs
674 4251 761 4322 (etl),
775 4249 892 4304 tantum
904 4260 983 4304 anuo
998 4244 1064 4300 issi
1079 4240 1265 4310 offendimus,
1280 4257 1333 4298 nee
1344 4244 1373 4298 in
1388 4245 1477 4314 plura
1487 4247 1656 4316 insequenti
1671 4261 1759 4316 anno,

416 4357 472 4414 ulsl
494 4355 608 4412 luridati
628 4353 728 4424 operis
747 4352 789 4406 lla
806 4351 899 4405 Zrcno
923 4341 1174 4413 complementum
1200 4340 1287 4411 (399),
1315 4341 1346 4397 et
1369 4342 1574 4400 contributum
1594 4345 1676 4400 florae
1699 4344 1759 4402 fos-

415 4455 480 4512 sllls
501 4454 593 4512 Vallis
613 4451 682 4510 brui
704 4448 869 4520 superioris
883 4461 901 4502 a
914 4447 1040 4502 Rrsroar
1068 4439 1332 4510 (260)confecl1¹m
1360 4440 1503 4512 excipias
1522 4439 1571 4511 hui
1592 4443 1755 4501 nonnullas

414 4551 528 4621 spurios
548 4549 737 4608 ihrmotlonis
758 4543 927 4618 pliooenicae
947 4540 1005 4598 illis
1024 4555 1042 4596 a
1061 4539 1185 4595 Gaunm
1203 4535 1234 4592 et
1253 4538 1378 4594 Sraozar
1398 4538 1532 4595 inventis
1551 4539 1670 4608 adjecit.
1697 4543 1757 4598 Nec

416 4663 541 4722 prorsus
561 4647 736 4706 onrlttoudae
755 4642 964 4702 adnotationes
978 4637 1016 4695 ad
1037 4637 1144 4693 floram
1164 4635 1360 4706 pliocenioam
1380 4635 1759 4695 Mutinensem'eooiicien-

414 4745 482 4808 ,inm
503 4747 593 4808 conpr
612 4745 681 4820 (90)
700 4742 735 4801 (le
755 4739 926 4804 Bilobi'libus
951 4733 1139 4796 cambrioois
1166 4732 1315 4791 sardinia
1340 4735 1519 4796 Marsorum
1543 4736 1618 4811 (203)
1640 4736 1755 4797 disser-
