3738 5532
402 480 434 538 ’Ἄ

483 590 519 644 Et
538 588 700 648 Lezzesns
719 581 807 648 bfono
819 579 894 660 (220)
907 579 945 645 de
957 579 1174 660 vegetabilibus
1190 579 1343 648 fossilibus
1362 581 1473 648 italicis
1492 581 1624 660 disserit,
1641 584 1764 649 multis·

410 705 467 761 que
487 690 556 746 aliis
576 689 719 746 audacior
743 703 782 746 ea
804 688 977 744 viventibus
1002 687 1094 746 audet
1120 704 1305 760 comparare,
1326 689 1457 759 dicitque
1485 688 1558 746 folia
1577 691 1663 760 Fapi,
1681 690 1762 744 Fra·

413 787 491 856 cuim',
513 789 585 844 Pina·
602 787 692 857 atoue
712 787 1059 857 metanoeis-uetusque
1078 789 1180 856 Nuces,
1199 803 1234 844 ac
1259 787 1400 844 strobiios
1418 787 1491 844 Pini
1506 787 1537 842 in
1557 787 1615 844 bac
1636 789 1765 858 regione

411 887 552 943 inveniri.
563 885 750 956 vegetabilis
767 900 884 956 quoqne
898 886 1025 956 marina,
1038 900 1166 957 quorum
1186 887 1318 956 vestigia
1329 886 1522 956 deteguntur,
1542 886 1651 944 leviter
1664 887 1764 944 attin-

410 987 463 1057 git,
482 985 534 1042 scd
553 999 647 1056 quum
665 1000 716 1042 eos
734 985 862 1042 corallis
881 986 912 1042 et
929 985 1088 1054 Gorgoniis
1112 985 1227 1042 similes
1245 985 1411 1056 existimet,
1425 985 1481 1042 bac
1499 985 1638 1056 exparte
1657 985 1688 1041 in
1707 999 1760 1040 er-

411 1101 511 1144 rorem
530 1086 645 1144 incidit.

482 1187 521 1240 lle
541 1200 576 1240 eo
595 1199 684 1254 opere
705 1199 784 1240 nune
804 1182 889 1240 nobis
902 1181 1110 1240 disserendum
1123 1182 1266 1254 estquod
1280 1181 1306 1240 si
1320 1183 1443 1240 titulum
1461 1182 1665 1253 inspiciamus,
1678 1181 1762 1240 serio

410 1285 500 1354 atoue
512 1299 550 1339 ex
569 1283 714 1354 professo,
725 1283 762 1340 de
779 1282 933 1340 fossilibus
952 1281 989 1338 ad
1009 1296 1136 1350 regnum
1151 1283 1317 1352 vegetabile
1335 1282 1556 1352 pertinentibus
1570 1281 1761 1352 pertractare

410 1383 582 1452 rideretur3
601 1382 653 1439 sed
672 1383 698 1439 si
718 1381 792 1438 illud
816 1394 1023 1452 excurramus,
1033 1393 1168 1438 errorem
1188 1381 1291 1438 stetim
1311 1380 1507 1451 depellemns.
1521 1383 1624 1438 Moser
1643 1379 1690 1437 est
1708 1381 1762 1436 bu-

406 1483 457 1552 jns
476 1483 577 1554 operis
595 1483 701 1539 auotor
720 1481 796 1554 (217)
814 1481 865 1551 qui
885 1481 1008 1550 tumide,
1027 1479 1117 1550 atque
1142 1481 1225 1536 nullo
1250 1479 1385 1538 scientiae
1406 1480 1521 1549 jndicio
1546 1479 1651 1550 fretus,
1669 1479 1707 1536 de
1724 1479 1763 1535 li·

411 1581 479 1650 gnis
498 1580 660 1648 fossilibus,
678 1580 715 1636 do
734 1579 869 1650 ipsorum
888 1579 1006 1646 natura,
1024 1577 1119 1648 deque
1136 1577 1378 1650 lepidefaetionis
1398 1578 1486 1636 modo
1504 1578 1681 1650 pertractet,
1694 1593 1762 1634 car-

366 1657 370 1684 '
410 1679 559 1749 bouesque
579 1677 696 1735 fossiles
714 1693 752 1733 ex
770 1678 904 1748 ipsorum
924 1677 1140 1734 statuminibus
1158 1676 1188 1732 in
1208 1675 1337 1747 quatuor
1355 1677 1468 1734 classes
1485 1677 1651 1734 distribuit.

481 1777 521 1835 lit
533 1777 647 1834 duobus
659 1777 727 1848 post
745 1776 833 1832 annis
847 1779 977 1833 dubiost
990 1775 1037 1847 (5),
1050 1774 1176 1846 preciso
1190 1772 1374 1846 illojudiclo,
1387 1773 1464 1844 quod
1479 1775 1677 1834 scientiarum
1694 1777 1763 1831 enl-

409 1877 505 1934 torem
525 1875 619 1946 decet,
639 1875 792 1949 praeditus
811 1875 960 1932 fossilium
980 1873 1164 1932 Pedemontii
1179 1873 1352 1944 catalogum
1364 1873 1515 1944 exposuit,
1529 1874 1595 1932 loca
1614 1873 1662 1930 ubi
1677 1874 1763 1930 iuve-

410 1974 544 2045 niuntur,
562 1973 640 2045 quod
660 1987 748 2032 nemo
767 1973 865 2030 adbuc
883 1973 1005 2042 fecerat,
1020 1971 1095 2030 sotis
1116 1979 1256 2030 accurate
1275 1970 1424 2029 indicans
1437 1971 1517 2028 inter
1539 1972 1650 2041 cetera,
1668 1987 1762 2042 vege-

411 2072 518 2130 tabilis
544 2087 662 2142 quoque
690 2071 806 2130 fossilis
832 2072 1000 2141 enumerat,
1018 2071 1109 2140 atque
1135 2070 1250 2126 intres
1278 2069 1388 2127 dividit
1404 2071 1529 2128 classes.
1552 2069 1597 2127 nd
1621 2069 1762 2141 primam,

411 2171 613 2242 Phytoldbum
636 2185 751 2241 nempe,
780 2168 978 2226 adscribenda
1006 2167 1163 2226 existimat
1189 2167 1327 2240 quedem
1355 2167 1496 2226 foliorum
1523 2169 1653 2238 vestigia
1681 2170 1761 2236 Alai,

413 2271 552 2338 ouem
570 2269 655 2339 Fapi,
673 2283 741 2339 qus
765 2269 795 2324 iu
823 2268 903 2324 velle
922 2269 984 2324 «Le
1012 2267 1155 2322 Ferreto»
1177 2269 1208 2322 et
1233 2265 1271 2322 ad
1290 2267 1355 2322 ‹La
1373 2268 1498 2324 Merra»
1524 2267 1648 2324 invente
1666 2265 1761 2323 ibere.

409 2368 452 2424 lid
471 2366 634 2423 secundem
654 2365 878 2436 (Libonotum)
890 2366 972 2436 ligna
984 2364 1101 2422 fossilia
1120 2363 1295 2421 earumdem
1309 2365 1466 2434 regionum
1480 2365 1632 2436 pertinere
1644 2363 1763 2432 censet;

410 2466 503 2522 tertia
520 2480 594 2522 vero
622 2464 842 2536 (Cuapolilbus)
867 2464 1038 2534 aliquorum
1066 2463 1220 2520 fructuum
1247 2462 1450 2533 iuglandium,
1469 2463 1519 2534 qui
1540 2463 1613 2520 item
1637 2462 1673 2520 ad
1695 2463 1762 2518 «La

411 2567 535 2622 Merra»
555 2564 764 2632 inveniuntur,
783 2563 894 2620 seriem
911 2562 1043 2620 exbibet.

481 2663 611 2719 Verbum
629 2661 751 2732 quidem
769 2659 868 2716 obiter
881 2659 917 2716 de
929 2661 1043 2717 Sortes
1055 2660 1191 2728 facimus,
1205 2659 1255 2729 qui
1270 2659 1373 2716 tabula
1383 2660 1411 2716 X
1429 2659 1478 2730 lig.
1492 2661 1537 2731 iv,
1544 2660 1645 2731 operis
1663 2659 1710 2716 sui
1724 2658 1762 2715 de

413 2762 610 2830 Gioeeopetrie
622 2759 828 2832 (296),corpus
840 2759 996 2828 globosum
1009 2759 1116 2828 pingit,
1128 2757 1207 2828 quod
1227 2758 1279 2814 ille
1291 2759 1440 2827 echinum,
1455 2773 1509 2816 nos
1522 2773 1605 2828 vero,
1616 2758 1707 2828 prout
1724 2771 1763 2811 ex

413 2858 479 2926 ejus
492 2858 589 2928 figura
601 2858 687 2928 ergm
703 2857 809 2927 potest,
823 2855 954 2912 fructum
967 2855 1180 2924 Apeibopsibue
1197 2869 1233 2910 ac
1244 2855 1447 2912 circumitione
1459 2855 1581 2912 udinem
1593 2867 1762 2912 censemus.

487 2959 642 3014 znurrnar
661 2955 736 3026 (388)
756 2955 787 3010 in
816 2969 917 3026 opere,
940 2953 988 3010 cui
1014 2953 1122 3010 titulus
1140 2955 1295 3008 «Fructus
1319 2958 1479 3011 naturales
1505 2955 1624 3024 quein
1648 2955 1762 3008 Mersoeo

415 3054 637 3112 Ravenaoieusi
652 3057 887 3123 adservantur»,
909 3053 991 3110 inter
1015 3050 1204 3122 vegetabilia,
1224 3066 1292 3122 quae
1320 3051 1501 3122 lspidefaotn
1525 3053 1624 3122 vocat,
1650 3050 1761 3120 Populi

414 3156 555 3212 truncum
572 3153 733 3226 (Mutinae),
750 3153 860 3210 herbas
878 3153 961 3210 saxis
980 3150 1137 3208 concretas
1154 3148 1310 3222 (Vicetini,
1332 3165 1439 3208 nucem
1462 3149 1675 3221 lapidefactam
1694 3149 1760 3222 (Pe-

411 3249 576 3322 demontii),
595 3251 711 3320 lignum
731 3251 948 3308 ecbstizzstum
967 3246 1119 3322 (Parma),
1140 3247 1270 3318 foliaque
1289 3248 1482 3308 terrestrium
1502 3249 1675 3320 plantarum
1689 3251 1760 3320 (Ve-

412 3351 517 3419 rona),
535 3363 598 3420 prae
616 3349 686 3406 aliis
706 3350 811 3406 notatu
830 3347 923 3418 digna
941 3347 1106 3406 existimat

482 3447 554 3505 item
574 3448 702 3504 Murum
719 3445 797 3519 (199)
816 3445 932 3516 lignum
947 3447 1059 3518 fossile,
1076 3448 1155 3519 quod
1178 3448 1216 3506 ad
1239 3447 1357 3504 «Torta
1376 3447 1406 3503 di
1428 3445 1587 3517 Pupiglio»
1601 3445 1758 3502 inuentum

411 3547 467 3618 est,
488 3551 646 3604 memoret.

416 3697 419 3702 .
482 3648 567 3702 Anno
589 3641 656 3702 1767
675 3643 847 3704 Academia
860 3645 1039 3704 Bononiensi
1058 3645 1208 3718 quoddam
1220 3661 1296 3718 opus
1315 3647 1370 3704 hoe
1389 3646 1480 3703 titulo
1498 3645 1674 3702 decoratum
1696 3645 1763 3699 «De

411 3745 593 3800 Bononiensi
611 3745 886 3813 Phylotypoliibm,
910 3745 940 3800 p,
962 3747 1052 3804 Bessi
1071 3746 1128 3817 (15)
1147 3745 1285 3802 exhibuit
1310 3760 1379 3816 quo,
1400 3745 1607 3815 praetermissa
1625 3742 1759 3812 eiusdem

412 3843 507 3909 icone,
535 3842 699 3912 vestigium
727 3841 961 3914 dicotyledonis,
989 3844 1186 3914 probabiliter
1215 3846 1345 3905 mermes
1372 3841 1530 3913 describit,
1561 3845 1763 3910 Oueiwmqtte

413 3943 533 3997 Linaoei
552 3941 648 4010 putat,
672 3940 759 4010 quus
776 3940 945 4010 diagnosim
965 3943 1009 3998 sle
1028 3942 1156 4012 praebet:
1184 3945 1215 4008 Q.
1234 3943 1326 3998 foliis
1350 3941 1536 4011 lanceolstis,
1554 3939 1664 4010 oratis,
1689 3939 1763 3995 inte

415 4040 565 4110 genimis,
586 4039 737 4110 indivisis,
754 4038 877 4109 glabris,
896 4043 927 4096 et
948 4042 978 4100 0.
996 4046 1133 4098 neolucco
1153 4040 1283 4097 videtur.

482 4138 592 4194 Eodem
610 4151 690 4194 anuo
711 4139 869 4196 Bnusoeru
888 4137 957 4209 (23),
978 4139 1088 4194 itinera
1107 4151 1163 4195 sua
1190 4151 1245 4208 per
1271 4139 1368 4194 valles
1397 4139 1599 4196 Bononienses
1617 4137 1762 4208 referens,

412 4235 558 4295 disseruit
581 4236 618 4294 de
644 4235 863 4306 vegetabilibus
887 4236 1040 4296 fossilibus
1065 4235 1144 4308 apud
1171 4238 1269 4293 ullive
1288 4236 1366 4294 delle
1392 4237 1594 4309 blaraviglie»
1619 4236 1762 4302 inventis,

414 4349 555 4392 asserens
574 4338 792 4405 Annnevusnr,
812 4336 842 4392 in
864 4335 940 4392 libro
959 4338 994 4392 lv
1007 4337 1113 4392 Maeaei
1132 4336 1287 4405 Metalliei,
1300 4336 1337 4392 de
1356 4335 1431 4406 ipsis
1454 4336 1586 4393 locutum
1610 4349 1685 4404 esse,
1698 4349 1763 4390 eos·

412 4433 539 4501 demque
570 4433 715 4503 pinxisse.
738 4432 874 4492 Ulterius
904 4447 988 4501 vero,
1015 4432 1120 4490 eodem
1150 4431 1352 4503 adnotatione,
1370 4448 1437 4503 qum
1469 4431 1602 4488 secunda
1627 4431 1762 4500 ejusdem

412 4531 514 4602 operis
532 4531 618 4602 parte
637 4529 757 4601 iegitur,
776 4529 813 4586 de
838 4530 930 4600 lignis
948 4530 1101 4587 fossilibus
1120 4529 1157 4586 ad
1181 4529 1292 4588 flumen
1314 4530 1520 4588 ‹samodiale
1547 4531 1691 4598 inventis,
1708 4529 1763 4585 ite·

411 4643 480 4685 rum
512 4629 653 4699 loquitur,
680 4627 776 4697 atoue,
799 4625 923 4697 fungum
952 4627 1086 4684 fossilem
1115 4628 1272 4698 memorat,
1297 4642 1387 4698 quem
1412 4629 1524 4686 rectius
1549 4627 1764 4699 stalagmitem,

413 4725 498 4798 fungi
517 4725 644 4784 formam
664 4739 737 4782 casn
757 4723 948 4795 referentem,
967 4739 1134 4784 censemus.
