3818 5534
1444 479 1487 526 XV

96 577 209 652 tuta,
230 581 290 641 trio
309 581 491 654 vegetabilis
510 583 654 642 describit
671 583 762 656 atque
782 583 870 656 pictis
888 583 1035 655 exprimit
1062 583 1179 654 figuris,
1197 595 1325 653 quorum
1354 578 1486 636 altorum

99 681 333 740 Raumennm
350 682 515 740 erraticam
533 683 730 740 Bononiensis
748 683 824 752 agri,
837 683 969 740 alterum
984 682 1100 752 liguum
1114 695 1222 737 revera
1235 679 1347 748 fossile,
1360 678 1485 734 tertium

100 781 278 850 quiddam
296 784 445 838 mecauri
463 783 574 840 fructui
593 784 683 840 valde
702 783 802 842 simile
821 797 888 840 esse
907 783 1029 840 videtur
1047 779 1132 854 (258).

206 883 239 937 ln
258 881 336 938 actis
353 881 515 938 academiae
534 881 749 940 Valdarnensis
769 881 955 952 insequentis
973 881 1046 938 anni
1066 881 1195 950 legimus
1217 879 1377 950 epistolem
1399 882 1434 936 ll.
1455 879 1486 934 L.

110 978 285 1048 Auratam,
297 995 364 1050 quae
378 995 436 1036 non
451 980 539 1038 modo
550 981 588 1036 de
601 980 693 1050 lignis
706 979 859 1036 fossilibus
873 978 1041 1048 generatim
1055 977 1199 1048 loquitur,
1213 977 1426 1033 verumetiam
1440 991 1485 1046 ea,

108 1079 287 1137 Quercens
304 1079 422 1148 Ilircrn,
448 1081 583 1150 llyrium
607 1093 802 1150 murima,
820 1080 1003 1150 Jupianecm
1020 1079 1147 1147 reniam,
1163 1077 1341 1132 &utineam
1353 1090 1480 1142 vescam,

109 1177 249 1232 Pinum
261 1179 427 1234 diesen-cm
439 1176 575 1248 specifice
588 1178 677 1234 vocat
686 1174 736 1248 (l).
750 1177 802 1232 llic
815 1177 917 1234 tamen
940 1175 1114 1242 notandum,
1128 1173 1284 1230 laudatum
1303 1172 1482 1244 scriptorem

112 1274 181 1332 bis
208 1253 506 1344 vegetabilibos’non
526 1273 611 1331 recte
628 1275 718 1345 atque
738 1272 840 1332 subtili
865 1273 1108 1342 investigatione,
1127 1273 1180 1330 sed
1208 1271 1329 1328 tantum
1347 1272 1483 1342 inspecto

112 1371 210 1444 ligni
230 1372 339 1442 colore,
358 1385 466 1428 nomen
484 1371 612 1443 dedisse,
624 1388 685 1443 qua
696 1375 734 1430 de
752 1387 846 1430 cauea
862 1386 971 1441 anceps
986 1371 1080 1428 haeret
1100 1385 1172 1428 nurn
1191 1369 1329 1440 quadam
1347 1385 1386 1424 ex
1408 1369 1486 1439 ipsis

117 1472 228 1542 lignis
253 1473 352 1542 potius
379 1471 472 1528 Setini
489 1474 565 1528 arne
583 1471 637 1529 aut
651 1473 757 1544 myrto,
772 1484 863 1542 quem
878 1471 1032 1526 wrmneae
1044 1483 1146 1538 ceseoe,
1161 1469 1215 1524 aut
1228 1466 1325 1524 Ere'eae
1336 1469 1486 1536 serpente

121 1571 335 1632 adscribenda
354 1571 461 1628 forent.

209 1671 376 1728 centaurio
395 1668 453 1744 (iit)
469 1685 586 1740 qnoque
613 1670 778 1740 qnamdam
796 1669 947 1728 fossilium
973 1668 1185 1738 vegetabilium
1212 1665 1360 1736 notitiam,
1384 1663 1436 1721 scd
1455 1680 1486 1720 o·

129 1769 247 1828 mnino
267 1768 365 1826 levem
392 1767 514 1838 profert,
536 1766 681 1824 adserens
699 1767 880 1838 lapidefacte
900 1766 1024 1824 «Monte
1043 1765 1175 1822 Bamboli
1187 1785 1201 1818 s
1215 1762 1435 1834 vestigiainter
1447 1763 1490 1818 di-

132 1866 334 1936 cotyledones
353 1866 475 1937 plantes
493 1865 789 1936 comprehendendas
808 1867 924 1937 esse,ct
942 1865 1023 1935 apud
1046 1867 1169 1922 ‹llnssa
1181 1861 1373 1922 Merittimao
1394 1877 1427 1919 se
1448 1862 1489 1918 la·

130 1967 239 2037 pidem
259 1965 438 2022 tiburtinum
458 1965 589 2035 aliquem
604 1965 758 2023 invenisse
777 1965 918 2022 foliorum
939 1962 1068 2034 vestigio
1088 1964 1125 2020 ab
1145 1963 1207 2021 illis
1221 1963 1376 2020 Caetaiwoe
1396 1975 1489 2018 ocrcoe

134 2065 220 2122 band
239 2064 445 2135 discrepantia
463 2063 658 2134 praebentem.
1224 2062 1228 2069 '

210 2167 252 2221 De
270 2163 490 2234 vegetabilibus
509 2164 611 2222 autem
631 2165 756 2222 «Monte
779 2165 912 2222 Bamboli
932 2165 963 2220 et
977 2163 1074 2220 Monte
1088 2164 1205 2222 Massi»
1228 2166 1259 2220 Ρ.
1281 2177 1398 2233 quoque
1415 2165 1489 2220 Ssvr

137 2265 233 2322 verba
247 2263 320 2321 fecit
330 2263 479 2338 (284285).
491 2265 519 2321 Si
531 2279 613 2334 erge,
625 2278 716 2334 quarn
728 2264 765 2321 de
778 2263 959 2320 carbonibus
971 2263 1125 2322 fossilibus
1139 2262 1328 2320 formationis
1342 2261 1490 2320 mioceni-

137 2380 182 2420 cee
201 2365 232 2420 ln
252 2365 418 2420 Tuscorum
438 2377 605 2422 maremma
624 2363 751 2422 detectis
770 2364 947 2420 memoriam
965 2363 1154 2433 conscripsit,
1173 2362 1370 2431 consulimus,
1388 2361 1487 2432 ipsum

139 2461 266 2530 fossilla,
285 2461 317 2517 et
334 2461 454 2532 quidem
475 2477 534 2518 non
553 2462 642 2532 parvi
661 2463 762 2533 pretii,
776 2461 927 2518 hincinde
940 2461 1076 2530 collecte,
1095 2475 1149 2531 pro
1165 2461 1279 2518 viribus
1298 2474 1489 2530 enumerare,

138 2561 312 2616 describere
331 2561 422 2630 atque
441 2560 547 2630 figuris
565 2560 736 2630 exprimere
756 2560 956 2618 inveniemus.
969 2562 1009 2615 De
1025 2563 1236 2617 Musaeearem
1249 2559 1330 2616 enim
1351 2558 1489 2629 reliquiis

142 2659 248 2730 agitur
265 2657 522 2732 (Uranopbyiliies
539 2658 860 2732 murmuratoribus
879 2658 974 2716 addas
993 2659 1134 2716 volumus
1152 2661 1287 2729 Palmae,
1305 2657 1486 2730 Dieoiyledo·

140 2773 194 2815 ncs
204 2757 359 2830 (mucce,
375 2757 500 2825 mmm,
518 2759 662 2828 coranos,
674 2756 844 2829 Pictanus),
860 2757 1072 2826 coniferamm
1086 2757 1204 2814 unctus
1216 2759 1396 2826 Pinopioeoe
1407 2757 1487 2814 houd

139 2855 318 2924 dissimiles,
336 2855 465 2925 Laurea,
485 2871 540 2914 nec
559 2871 617 2913 non
637 2856 853 2927 vestigiaque
870 2857 956 2925 fucos
973 2855 1027 2913 aut
1046 2855 1164 2913 radices
1183 2855 1339 2913 simulant
1357 2855 1488 2912 Piniicm

138 2969 257 3025 qnoqm
281 2954 390 3012 Uranie·
405 2955 486 3012 inter
504 2954 687 3025 vegetabilis
707 2955 831 3012 «Monte
849 2956 967 3014 Massi»
988 2955 1197 3013 enumeratam
1216 2954 1364 3012 invenies.

215 3055 304 3111 Circa
322 3055 426 3112 eadem
445 3055 578 3124 vestigia
596 3055 739 3112 versetur
756 3054 885 3125 epistole
904 3069 923 3110 a
941 3055 1137 3113 Posnnross
1155 3053 1270 3110 doctori
1291 3057 1366 3112 Sevi
1393 3054 1489 3112 missa

142 3151 230 3224 (2³0),
249 3166 317 3222 qnae
335 3153 486 3223 precipue
510 3150 765 3222 nranopnpraiem
782 3153 991 3222 spathulaiam
1009 3152 1064 3210 sub
1086 3152 1208 3210 nomine
1227 3151 1417 3210 Flebcllurioe
1435 3153 1489 3208 Sa·

58 3287 63 3295 -
138 3251 240 3306 vianoe
257 3252 318 3312 (Fi.
336 3251 515 3319 specierum
533 3249 632 3322 Mass)
649 3249 800 3319 describit,
818 3249 909 3320 atque
927 3249 1021 3306 aliam
1040 3252 1155 3306 Ραῐηιω
1173 3249 1333 3320 reliquium
1355 3251 1403 3308 Fi.
1436 3263 1489 3304 re·

134 3346 275 3418 phitelioe
292 3348 408 3406 Sternb.
426 3347 558 3406 similem
575 3349 657 3419 dicit,
676 3360 767 3419 quam
787 3347 1005 3419 Mssssnoueo,
1026 3363 1104 3406 nova
1123 3348 1222 3419 specis
1247 3347 1423 3418 constitute,
1443 3351 1489 3404 Fi.

140 3448 313 3502 Partem
329 3446 564 3516 cognominavit.

213 3544 355 3612 Quaedam
367 3545 404 3602 de
421 3545 598 3604 Fncoidibus
612 3561 647 3604 ao
659 3547 839 3618 Phyllitibns
853 3547 914 3604 tria
923 3550 1018 3606 Pinna
1037 3546 1241 3620 (238,239,240)
1254 3561 1346 3618 opera
1359 3545 1445 3603 nobis
1457 3561 1488 3602 e·

139 3643 274 3714 xhibent,
286 3657 415 3714 quarum
428 3645 513 3716 prius
528 3646 651 3702 «Monte
665 3646 779 3702 Messi»
795 3660 903 3716 agrum
915 3645 1110 3717 perscrutans
1124 3644 1332 3714 concretarum
1344 3645 1434 3716 atque
1447 3647 1486 3701 A·

140 3750 367 3801 moererent-um
378 3743 505 3812 fructus,
516 3745 654 3815 Platani,
667 3746 778 3815 deeris,
794 3744 902 3802 Selleis
914 3746 1004 3816 atque
1017 3745 1149 3802 aliarum
1161 3745 1419 3816 Dicctyledonum,
1433 3747 1489 3801 Fu·

141 3842 320 3913 coldnmqoe
333 3841 408 3900 folia
420 3841 531 3900 ibidem
545 3843 676 3900 inveniri
691 3858 778 3914 posse
791 3844 912 3902 asserit.
927 3848 967 3901 lie
987 3845 1112 3902 «Monte
1133 3844 1291 3902 Bamboli›
1313 3843 1416 3900 eedem
1437 3844 1488 3900 ad·

140 3941 241 4012 struit,
250 3957 289 3998 ex
309 3941 461 3998 fossilibus
479 3940 611 4015 ejusdem
625 3943 691 4014 egri
701 3943 766 4012 jam
779 3943 891 4000 dictam
904 3945 1123 4001 niocetae-iam
1142 3946 1308 4000 saviam
1320 3943 1351 4000 et
1370 3945 1416 4001 Fi.
1436 3959 1486 3999 ra·

136 4039 299 4108 piliolum
318 4039 481 4096 Parlatorii
502 4053 683 4098 memorans.
697 4039 867 4098 Secundum
880 4042 977 4098 Prono
993 4056 1068 4112 opos
1081 4041 1264 4112 multiplices
1276 4041 1407 4097 eocenioi
1428 4041 1486 4097 avi

143 4141 287 4196 Fucoides
305 4141 450 4207 recenset,
470 4139 683 4196 nonnullarum
697 4138 747 4210 (F.
769 4142 934 4210 ramlense,
948 4143 981 4196 F.
994 4139 1139 4208 infricari,
1152 4145 1185 4196 F.
1196 4141 1326 4212 sorceti)
1340 4154 1397 4195 uon
1412 4139 1486 4194 bene

142 4237 229 4309 aptes
248 4238 394 4296 exbibens
413 4238 559 4310 picturas,
580 4253 671 4310 quum
689 4240 799 4297 barum
819 4241 987 4310 specierum
1007 4241 1115 4298 ultima
1133 4239 1335 4310 Halymeniltr
1358 4239 1487 4309 figuram

143 4333 243 4404 potins
255 4333 417 4404 exprimat.
429 4336 566 4405 chbcii
577 4334 706 4405 denique
722 4336 848 4394 truncus
861 4337 1023 4408 exponitur
1032 4353 1071 4394 ex
1084 4337 1233 4408 Apennini
1246 4336 1410 4394 Florentini
1425 4351 1487 4394 ma·

142 4433 231 4504 cigno
249 4433 288 4490 ad
310 4435 427 4492 ‹Passo
448 4434 527 4492 delle
545 4435 641 4492 rats»
664 4436 769 4493 erutus
782 4437 813 4492 et
824 4437 974 4508 queritur
991 4451 1062 4494 num
1076 4437 1112 4494 de
1138 4439 1285 4495 Coiemile
1305 4439 1424 4508 agatur.
1437 4439 1488 4492 Su·

144 4545 366 4601 pervacanenm
384 4532 505 4602 quidem
525 4533 675 4603 foretjam
689 4533 762 4591 dicti
776 4538 873 4594 Pinna
887 4536 1012 4592 tertium
1030 4550 1106 4606 opus
1118 4536 1166 4592 hic
1177 4549 1405 4607 connumerare,
1418 4549 1487 4592 cum

143 4627 248 4684 eodem
268 4627 363 4684 ferme
380 4627 515 4698 tempore
524 4631 678 4700 Moasrrr,
692 4633 734 4688 Da
754 4635 877 4692 visitur
891 4634 923 4689 et
934 4635 1136 4703 Psanrroas,
1150 4635 1236 4690 sexto
1250 4632 1409 4690 Mediolani
1429 4633 1487 4688 ita·

143 4727 271 4786 licorum
290 4727 487 4787 scientiarum
507 4728 658 4790 cultorum
679 4745 842 4800 congressu
862 4731 963 4792 habito
982 4731 1066 4806 (219),
1080 4747 1222 4803 expresse
1244 4732 1484 4790 ‹Montesoanos
