3818 5534
418 473 514 522 XXXVI

417 577 637 648 vegetabilibus
656 579 815 638 identitate
835 579 919 636 brevi
940 579 1025 650 prius
1042 577 1238 638 adnotatione
1256 575 1385 646 asserta,
1408 576 1553 646 Algarum
1573 573 1768 634 formationis

416 678 569 748 tertiariae,
577 681 824 738 Helminthoideis
837 681 966 751 aliisque
975 678 1072 738 dubiis
1084 679 1222 751 vestigiis
1232 679 1360 750 reiectis,
1371 679 1535 736 tractatum
1546 677 1627 750 typis
1639 691 1765 734 rursum

414 777 509 836 edidit
525 778 617 851 (321),
637 795 806 850 novumque
830 783 998 840 Saroarim
1022 794 1126 848 genua,
1145 779 1223 848 quod
1243 778 1328 848 prius
1353 778 1507 847 tamquam
1520 776 1640 847 generis
1666 779 1762 831 Zetus·

412 879 489 936 riuis
506 879 635 948 speciem
656 880 811 946 habuerat,
825 879 994 950 effingebat.
1013 879 1122 936 Eodem
1136 881 1231 936 ferme
1250 877 1384 948 tempore
1398 877 1659 934 contributionum
1671 876 1763 942 fioroe

410 979 510 1050 fossili
525 979 717 1047 sonuaitonis
742 982 890 1037 tertiaria
908 979 1070 1050 Ligustinus
1089 979 1296 1049 tertiamque
1317 978 1564 1049 Gymnospemns
1588 975 1759 1044 explanan-

413 1077 472 1146 tur,
493 1078 659 1148 publicavit
677 1080 803 1150 partem,
824 1081 1037 1150 Cryptogumis
1057 1077 1266 1152 supplemento
1285 1078 1442 1148 premisso
1459 1076 1545 1150 (323).
1566 1078 1597 1132 lu
1618 1077 1762 1146 Epheme·

411 1177 476 1234 ride
489 1178 646 1236 societatis
656 1179 822 1250 Geologioae
832 1179 953 1236 Gallicae
963 1179 1097 1252 ejusdem
1110 1177 1289 1242 Souraaaou
1300 1177 1531 1248 prolegomenon
1544 1175 1661 1246 prostat
1672 1173 1759 1246 (324),

410 1291 468 1346 quo
486 1277 522 1334 dc
543 1280 696 1336 uonnullis
715 1281 744 1338 S.
755 1279 882 1338 Justinae
902 1278 1217 1348 mouocotyledonibus
1236 1276 1367 1345 disserit,
1381 1277 1411 1332 et
1430 1275 1755 1346 praestantissimorum

411 1375 493 1434 illius
510 1378 701 1436 formationis
719 1380 888 1448 tougriauae
907 1377 1123 1448 vegetabilium
1141 1378 1259 1447 copiam
1278 1375 1397 1445 asserit,
1417 1374 1587 1444 praesertim
1608 1389 1682 1430 veru
1703 1377 1755 1428 Co-

409 1477 583 1532 coiuearum
602 1475 681 1535 Sect.
701 1477 835 1534 Baetrid.
854 1492 921 1547 quae
941 1477 1094 1546 hucusque
1120 1476 1149 1531 in
1169 1475 1290 1542 coaevis,
1309 1475 1363 1532 aut
1381 1473 1596 1544 superioribus,
1609 1473 1655 1528 vel
1678 1471 1755 1528 infe·

410 1575 540 1632 rioribus
559 1575 791 1634 formationibus
811 1589 975 1647 numquam
994 1575 1119 1632 detectae
1139 1574 1267 1644 fuerant,
1287 1572 1450 1644 praeseutia
1473 1571 1654 1630 certissimis
1672 1572 1758 1628 evin-

410 1672 492 1730 citur
510 1673 687 1732 rationibus

481 1771 641 1829 Labentem
667 1773 711 1830 sio
735 1773 894 1844 attigimus
918 1786 1043 1844 annum,
1061 1787 1119 1842 quo
1144 1771 1286 1830 laudatus
1310 1773 1489 1834 Suuiaaaou
1514 1770 1649 1840 priorem
1673 1768 1759 1826 illam

409 1882 496 1926 suam
520 1870 745 1930 adnotationem
770 1874 868 1932 fustus
892 1872 1058 1943 explicans,
1078 1871 1247 1928 absolutam
1274 1870 1575 1940 monocotyledonum
1600 1866 1757 1924 formatio-

409 1968 456 2026 nis
476 1969 622 2027 tertiariee
647 1971 797 2040 ligusticus
823 1971 920 2028 edidit
944 1971 1195 2040 monograpbiam
1212 1970 1297 2044 (325),
1323 1985 1389 2040 quae
1419 1984 1473 2026 sex
1492 1968 1524 2024 et
1552 1966 1762 2037 quadraginta

407 2066 617 2136 complectitur
634 2069 757 2139 species,
777 2084 905 2139 quarum
924 2070 992 2128 duae
1011 2069 1042 2126 ct
1061 2069 1170 2140 viginti
1192 2084 1286 2138 uorae,
1307 2069 1464 2138 perplures
1490 2081 1564 2122 vero
1592 2081 1609 2120 e
1635 2064 1760 2134 reliquis

407 2164 551 2234 rariores,
571 2180 664 2235 quum
683 2183 702 2224 a
721 2169 867 2227 Saroars
880 2169 1000 2226 tantum
1020 2170 1050 2225 iu
1071 2167 1250 2226 formatione
1269 2170 1331 2224 Ata
1349 2167 1482 2224 iuventae
1501 2164 1624 2222 fuerint.

476 2263 594 2321 Nostris
612 2281 728 2336 quoque
748 2268 933 2337 temporibus
953 2268 1033 2328 Doct.
1052 2266 1314 2338 coar1‚quianno
1333 2264 1516 2336 praecedenti
1536 2263 1573 2320 de
1593 2262 1755 2320 diatomeis

407 2361 561 2420 fossilibus
579 2365 766 2422 disseruerat
788 2366 856 2439 (93),
881 2367 943 2424 tria
968 2382 1046 2423 nova
1064 2365 1222 2437 evulgavit
1248 2365 1467 2422 commentaria
1490 2364 1527 2420 de
1554 2363 1662 2420 iisdem
1688 2361 1755 2416 dia·

407 2461 514 2518 fumeis
532 2478 570 2520 ex
590 2463 706 2534 torphis
724 2465 821 2522 Ticini
850 2465 882 2522 et
905 2466 1007 2524 Olonae
1030 2443 1096 2538 (94),
1120 2465 1210 2536 atque
1229 2479 1266 2520 ex
1295 2478 1401 2532 marga
1424 2464 1592 2519 «Planicoa
1614 2460 1680 2533 (95),
1704 2476 1758 2516 nec

410 2575 468 2615 uou
487 2577 526 2617 ex
545 2563 656 2632 argilla
674 2564 840 2634 pliooenica
861 2565 1106 2622 «castenedulo»
1127 2565 1158 2620 in
1177 2577 1251 2633 agro
1270 2563 1465 2632 Langobardo
1483 2561 1580 2618 erutis
1598 2559 1686 2634 (423).

477 2661 629 2731 syllogem
649 2661 809 2733 fungorum
824 2663 973 2720 fossilium
987 2663 1140 2733 hueusque
1155 2659 1417 2732 coguitor·um‚‘qui
1431 2670 1489 2717 non
1510 2647 1680 2717 tantum’ex
1700 2659 1758 2714 ita-

406 2758 465 2828 lia,
492 2759 545 2816 sed
568 2777 606 2817 ex
633 2762 697 2818 toto
728 2762 879 2819 eruuntur
905 2764 985 2831 orbe,
1001 2762 1124 2832 collegit
1149 2764 1360 2820 Musonianum
1387 2759 1616 2831 faustumque
1643 2759 1756 2828 Syllogi

406 2855 566 2928 fungorum
585 2876 603 2915 a
621 2861 768 2918 Saeoardo
786 2861 816 2916 in
844 2862 942 2918 lucem
960 2861 1059 2930 editu,
1086 2860 1260 2932 appendicis
1286 2861 1351 2917 loco
1371 2858 1493 2928 adjecit.
1512 2858 1611 2916 Unum
1630 2857 1662 2912 et
1679 2871 1757 2926 qua·

404 2955 545 3028 draginta
558 2971 677 3028 genera,
691 2974 726 3015 ac
739 2959 882 3017 trecentae
893 2960 1002 3029 viginti
1023 2973 1131 3016 novem
1150 2960 1266 3030 species
1280 2958 1390 3015 ibidem
1403 2957 1632 3014 enumerantur.

475 3055 616 3112 Fructum
636 3058 709 3112 Pici
729 3057 870 3126 fossilem,
890 3071 979 3128 quem
999 3073 1086 3114 norm
1105 3057 1216 3127 speciei
1244 3056 1435 3114 tribuendum
1456 3055 1619 3126 putaverat
1640 3053 1672 3110 et
1697 3054 1759 3120 cui,

405 3153 442 3208 ab
461 3152 645 3210 inventionis
664 3155 728 3211 loco
747 3157 819 3210 Pina·
836 3154 1050 3212 Priuboneusta
1062 3155 1147 3212 Omb.
1159 3169 1267 3212 nomeu
1287 3153 1480 3224 imposuerat,
1499 3155 1624 3210 Ousoru
1643 3151 1756 3208 deseri·

403 3251 465 3321 psit
484 3251 572 3323 (225).
601 3253 744 3323 Tandem,
765 3254 891 3312 minoris
913 3253 1056 3311 momenti
1078 3253 1324 3312 adnotationibus
1345 3253 1375 3309 iu
1400 3253 1582 3310 Bibliotheca
1598 3251 1663 3322 iam
1682 3266 1755 3307 euu-

404 3350 531 3406 merutis
551 3365 675 3420 prorsus
693 3353 824 3420 omissis,
843 3353 1081 3423 pulcherrimum
1100 3354 1272 3410 cursuum
1291 3351 1322 3408 et
1340 3355 1440 3410 Sosus
1459 3354 1609 3412 Lucanos
1622 3351 1659 3408 de
1679 3351 1755 3408 Beu-

404 3447 595 3504 uetiitearum
608 3449 724 3507 truncis
744 3451 774 3506 in
795 3451 877 3508 italis
896 3452 1016 3507 Musaels
1035 3450 1206 3508 adservatis
1225 3465 1299 3521 opus
1329 3451 1376 3507 iric
1400 3463 1637 3509 commemorare
1662 3449 1754 3506 liceat

403 3545 470 3618 (58),
492 3548 672 3616 quaomnia
697 3547 805 3604 harum
826 3547 1016 3604 cicadearum
1036 3548 1251 3618 vetigiaqua
1264 3549 1295 3604 in
1308 3548 1396 3606 ltalia
1408 3547 1560 3606 exterisve
1580 3546 1753 3617 regionibus

403 3643 582 3700 coacervata
600 3643 733 3716 fuerunt,
747 3660 824 3702 novo
837 3645 1038 3714 subjiciuntur
1050 3647 1235 3704 exsulatio
1248 3647 1315 3704 octo
1329 3647 1504 3719 partiuntur
1516 3646 1641 3717 speeies,
1656 3644 1754 3701 tribus

402 3742 489 3798 novis
508 3742 641 3810 inclusis,
661 3743 692 3800 et
705 3743 809 3813 generi
823 3745 1083 3814 uyeauoiuearum
1096 3745 1312 3816 adjunguntur,
1324 3745 1464 3816 quamvis
1477 3746 1585 3802 irarum
1600 3744 1752 3800 nonnullae

398 3838 585 3909 jampridem
604 3841 636 3897 in
656 3857 751 3913 genus
776 3844 943 3900 Ruumeriu
963 3843 1081 3913 rejectae
1100 3844 1238 3903 fuissent.

471 3938 592 4008 sapum
611 3940 655 3997 sic
673 3942 810 3999 omnium
829 3941 1001 4000 botanicum
1019 3943 1154 4000 fossilem
1173 3943 1307 4000 italicam
1326 3943 1521 4001 enodantium
1544 3958 1672 4015 operum
1700 3944 1750 4000 ab·

398 4036 545 4094 solvimus
564 4040 784 4112 recensionem
802 4040 839 4096 de
865 4041 1079 4110 pretermissis
1098 4056 1182 4111 vero,
1203 4041 1227 4096 si
1253 4057 1320 4110 quae
1339 4041 1419 4110 sunt,
1440 4044 1560 4100 veniam
1582 4044 1666 4100 nobis
1693 4044 1749 4101 do·

398 4135 450 4191 net
463 4136 566 4204 lector,
577 4137 709 4208 illudque
723 4139 823 4209 potius
840 4139 1011 4196 difficultati
1026 4140 1071 4196 tot
1082 4139 1369 4198 commentariorum
1383 4142 1437 4198 aut
1450 4142 1680 4198 adnotationum
1695 4159 1751 4200 vo·

397 4233 522 4306 lumina,
535 4251 679 4293 eorumve
693 4237 802 4294 saltem
814 4237 936 4308 indicia,
955 4238 1041 4294 uobis
1059 4237 1265 4309 comparandi,
1287 4253 1377 4310 quam
1398 4240 1642 4312 investigationis
1656 4243 1750 4313 negti·

401 4333 509 4404 gentius
529 4334 700 4393 adscribere
720 4337 754 4394 ut
772 4337 856 4408 velit,
876 4350 1028 4407 rogamus.
