<?xml version="1.0" encoding="UTF-8"?>
<!DOCTYPE html PUBLIC "-//W3C//DTD XHTML 1.0 Transitional//EN"
    "http://www.w3.org/TR/xhtml1/DTD/xhtml1-transitional.dtd">
<html xmlns="http://www.w3.org/1999/xhtml" xml:lang="en" lang="en">
 <head>
  <title>
</title>
<meta http-equiv="Content-Type" content="text/html;charset=utf-8" />
  <meta name='ocr-system' content='tesseract 3.04.00' />
  <meta name='ocr-capabilities' content='ocr_page ocr_carea ocr_par ocr_line ocrx_word'/>
</head>
<body>
  <div class='ocr_page' id='page_1' title='image "./floratertiariai00squigoog/floratertiariai00squigoog_0509.png"; bbox 0 0 3710 5546; ppageno 0'>
   <div class='ocr_carea' id='block_1_1' title="bbox 412 447 1636 518">
    <p class='ocr_par' dir='ltr' id='par_1_1' title="bbox 412 447 1636 518">
     <span class='ocr_line' id='line_1_1' title="bbox 412 447 1636 518; baseline -0.003 -14"><span class='ocrx_word' id='word_1_1' title='bbox 412 453 460 504; x_wconf 78' lang='grc'><strong>434</strong></span> <span class='ocrx_word' id='word_1_2' title='bbox 531 452 674 518; x_wconf 69' lang='lat' dir='ltr'><strong>Angtosp„</strong></span> <span class='ocrx_word' id='word_1_3' title='bbox 690 451 857 516; x_wconf 79' lang='lat' dir='ltr'><strong>uieotyleu,</strong></span> <span class='ocrx_word' id='word_1_4' title='bbox 871 450 1115 516; x_wconf 76' lang='lat' dir='ltr'><strong>brobiclriamydae,</strong></span> <span class='ocrx_word' id='word_1_5' title='bbox 1134 447 1329 515; x_wconf 78' lang='lat' dir='ltr'><strong>Tbymebucse,</strong></span> <span class='ocrx_word' id='word_1_6' title='bbox 1347 453 1516 514; x_wconf 74' lang='lat' dir='ltr'><strong>Protcaceae,</strong></span> <span class='ocrx_word' id='word_1_7' title='bbox 1532 452 1636 507; x_wconf 74' lang='lat' dir='ltr'><strong>uates.</strong></span> 
     </span>
    </p>
   </div>
   <div class='ocr_carea' id='block_1_2' title="bbox 419 554 1745 2255">
    <p class='ocr_par' dir='ltr' id='par_1_2' title="bbox 419 554 1745 2255">
     <span class='ocr_line' id='line_1_2' title="bbox 420 554 1739 642; baseline 0.002 -22"><span class='ocrx_word' id='word_1_8' title='bbox 420 557 581 634; x_wconf 87' lang='lat' dir='ltr'><strong>coriacea,</strong></span> <span class='ocrx_word' id='word_1_9' title='bbox 604 557 703 642; x_wconf 85' lang='lat' dir='ltr'><strong>plana</strong></span> <span class='ocrx_word' id='word_1_10' title='bbox 727 556 778 624; x_wconf 88' lang='lat' dir='ltr'><strong>vel</strong></span> <span class='ocrx_word' id='word_1_11' title='bbox 803 557 913 622; x_wconf 87' lang='lat' dir='ltr'><strong>rarius</strong></span> <span class='ocrx_word' id='word_1_12' title='bbox 936 555 1128 634; x_wconf 88' lang='lat' dir='ltr'><strong>subteretia,</strong></span> <span class='ocrx_word' id='word_1_13' title='bbox 1153 555 1305 632; x_wconf 87' lang='lat' dir='ltr'><strong>indivisa,</strong></span> <span class='ocrx_word' id='word_1_14' title='bbox 1329 554 1547 642; x_wconf 81' lang='lat' dir='ltr'><strong>integerrima</strong></span> <span class='ocrx_word' id='word_1_15' title='bbox 1578 562 1636 620; x_wconf 87' lang='lat' dir='ltr'><strong>aut</strong></span> <span class='ocrx_word' id='word_1_16' title='bbox 1658 559 1739 622; x_wconf 81' lang='lat' dir='ltr'><strong>raris</strong></span> 
     </span>
     <span class='ocr_line' id='line_1_3' title="bbox 420 660 1738 750; baseline 0.001 -23"><span class='ocrx_word' id='word_1_17' title='bbox 420 660 565 741; x_wconf 86' lang='lat' dir='ltr'><strong>dentata,</strong></span> <span class='ocrx_word' id='word_1_18' title='bbox 588 664 746 730; x_wconf 88' lang='lat' dir='ltr'><strong>laciniata</strong></span> <span class='ocrx_word' id='word_1_19' title='bbox 771 664 820 730; x_wconf 83' lang='lat' dir='ltr'><strong>vel</strong></span> <span class='ocrx_word' id='word_1_20' title='bbox 845 665 1075 750; x_wconf 87' lang='lat' dir='ltr'><strong>pinnatisecta,</strong></span> <span class='ocrx_word' id='word_1_21' title='bbox 1100 665 1250 750; x_wconf 79' lang='lat' dir='ltr'><strong>margine</strong></span> <span class='ocrx_word' id='word_1_22' title='bbox 1274 683 1360 748; x_wconf 72' lang='lat' dir='ltr'><strong>saepe</strong></span> <span class='ocrx_word' id='word_1_23' title='bbox 1377 663 1530 729; x_wconf 81' lang='lat' dir='ltr'><strong>revoluta</strong></span> <span class='ocrx_word' id='word_1_24' title='bbox 1548 664 1738 743; x_wconf 68' lang='lat' dir='ltr'><strong>retractate,</strong></span> 
     </span>
     <span class='ocr_line' id='line_1_4' title="bbox 420 756 1739 848; baseline 0 -12"><span class='ocrx_word' id='word_1_25' title='bbox 420 773 614 837; x_wconf 82' lang='lat' dir='ltr'><strong>narratione</strong></span> <span class='ocrx_word' id='word_1_26' title='bbox 647 773 788 838; x_wconf 86' lang='lat' dir='ltr'><strong>maxime</strong></span> <span class='ocrx_word' id='word_1_27' title='bbox 812 773 915 848; x_wconf 87' lang='lat' dir='ltr'><strong>varia,</strong></span> <span class='ocrx_word' id='word_1_28' title='bbox 942 756 1045 836; x_wconf 82' lang='lat' dir='ltr'><strong>nenio</strong></span> <span class='ocrx_word' id='word_1_29' title='bbox 1076 769 1182 838; x_wconf 83' lang='lat' dir='ltr'><strong>medio</strong></span> <span class='ocrx_word' id='word_1_30' title='bbox 1208 769 1316 836; x_wconf 84' lang='lat' dir='ltr'><strong>valido</strong></span> <span class='ocrx_word' id='word_1_31' title='bbox 1339 776 1376 836; x_wconf 87' lang='lat' dir='ltr'><strong>et</strong></span> <span class='ocrx_word' id='word_1_32' title='bbox 1405 771 1616 848; x_wconf 84' lang='lat' dir='ltr'><strong>validissimo,</strong></span> <span class='ocrx_word' id='word_1_33' title='bbox 1639 775 1739 836; x_wconf 81' lang='lat' dir='ltr'><strong>neruis</strong></span> 
     </span>
     <span class='ocr_line' id='line_1_5' title="bbox 420 876 1737 964; baseline 0 -20"><span class='ocrx_word' id='word_1_34' title='bbox 420 877 626 944; x_wconf 83' lang='lat' dir='ltr'><strong>secundariis</strong></span> <span class='ocrx_word' id='word_1_35' title='bbox 648 878 804 944; x_wconf 84' lang='lat' dir='ltr'><strong>foliorum</strong></span> <span class='ocrx_word' id='word_1_36' title='bbox 828 876 1218 944; x_wconf 85' lang='lat' dir='ltr'><strong>laciniato-dentatorum</strong></span> <span class='ocrx_word' id='word_1_37' title='bbox 1242 882 1277 943; x_wconf 90' lang='lat' dir='ltr'><strong>et</strong></span> <span class='ocrx_word' id='word_1_38' title='bbox 1300 879 1598 964; x_wconf 88' lang='lat' dir='ltr'><strong>pinnatisectorum</strong></span> <span class='ocrx_word' id='word_1_39' title='bbox 1622 899 1737 964; x_wconf 89' lang='lat' dir='ltr'><strong>craspe·</strong></span> 
     </span>
     <span class='ocr_line' id='line_1_6' title="bbox 420 983 1739 1071; baseline -0.001 -20"><span class='ocrx_word' id='word_1_40' title='bbox 420 984 595 1064; x_wconf 80' lang='lat' dir='ltr'><strong>dorlromis,</strong></span> <span class='ocrx_word' id='word_1_41' title='bbox 620 986 652 1052; x_wconf 92' lang='lat' dir='ltr'><strong>in</strong></span> <span class='ocrx_word' id='word_1_42' title='bbox 677 985 760 1051; x_wconf 92' lang='lat' dir='ltr'><strong>iobis</strong></span> <span class='ocrx_word' id='word_1_43' title='bbox 776 991 810 1052; x_wconf 87' lang='lat' dir='ltr'><strong>et</strong></span> <span class='ocrx_word' id='word_1_44' title='bbox 833 985 963 1051; x_wconf 89' lang='lat' dir='ltr'><strong>laciniis</strong></span> <span class='ocrx_word' id='word_1_45' title='bbox 978 983 1579 1071; x_wconf 83' lang='lat' dir='ltr'><strong>craspedodromopinnato-ramosis,</strong></span> <span class='ocrx_word' id='word_1_46' title='bbox 1594 984 1739 1052; x_wconf 82' lang='lat' dir='ltr'><strong>foliorum</strong></span> 
     </span>
     <span class='ocr_line' id='line_1_7' title="bbox 419 1091 1740 1180; baseline -0.002 -21"><span class='ocrx_word' id='word_1_47' title='bbox 419 1094 629 1160; x_wconf 88' lang='lat' dir='ltr'><strong>dentaborum</strong></span> <span class='ocrx_word' id='word_1_48' title='bbox 666 1093 850 1168; x_wconf 85' lang='lat' dir='ltr'><strong>biturcatis,</strong></span> <span class='ocrx_word' id='word_1_49' title='bbox 875 1093 976 1159; x_wconf 86' lang='lat' dir='ltr'><strong>rumis</strong></span> <span class='ocrx_word' id='word_1_50' title='bbox 1007 1091 1049 1158; x_wconf 90' lang='lat' dir='ltr'><strong>ad</strong></span> <span class='ocrx_word' id='word_1_51' title='bbox 1072 1095 1165 1157; x_wconf 90' lang='lat' dir='ltr'><strong>sinus</strong></span> <span class='ocrx_word' id='word_1_52' title='bbox 1197 1093 1296 1180; x_wconf 89' lang='lat' dir='ltr'><strong>inque</strong></span> <span class='ocrx_word' id='word_1_53' title='bbox 1327 1091 1443 1160; x_wconf 84' lang='lat' dir='ltr'><strong>dentes</strong></span> <span class='ocrx_word' id='word_1_54' title='bbox 1475 1093 1740 1178; x_wconf 78' lang='lat' dir='ltr'><strong>procurrentibus</strong></span> 
     </span>
     <span class='ocr_line' id='line_1_8' title="bbox 420 1199 1742 1287; baseline -0.001 -21"><span class='ocrx_word' id='word_1_55' title='bbox 420 1201 472 1268; x_wconf 86' lang='lat' dir='ltr'><strong>vel</strong></span> <span class='ocrx_word' id='word_1_56' title='bbox 496 1201 751 1287; x_wconf 88' lang='lat' dir='ltr'><strong>camptodroruis</strong></span> <span class='ocrx_word' id='word_1_57' title='bbox 777 1219 950 1286; x_wconf 87' lang='lat' dir='ltr'><strong>ramosque</strong></span> <span class='ocrx_word' id='word_1_58' title='bbox 974 1199 1014 1266; x_wconf 87' lang='lat' dir='ltr'><strong>ad</strong></span> <span class='ocrx_word' id='word_1_59' title='bbox 1038 1199 1152 1266; x_wconf 87' lang='lat' dir='ltr'><strong>dentes</strong></span> <span class='ocrx_word' id='word_1_60' title='bbox 1178 1200 1397 1276; x_wconf 70' lang='lat' dir='ltr'><strong>mittentibus,</strong></span> <span class='ocrx_word' id='word_1_61' title='bbox 1423 1200 1579 1266; x_wconf 84' lang='lat' dir='ltr'><strong>foliorum</strong></span> <span class='ocrx_word' id='word_1_62' title='bbox 1606 1202 1742 1286; x_wconf 85' lang='lat' dir='ltr'><strong>integro·</strong></span> 
     </span>
     <span class='ocr_line' id='line_1_9' title="bbox 421 1308 1741 1396; baseline -0.002 -20"><span class='ocrx_word' id='word_1_63' title='bbox 421 1330 494 1376; x_wconf 85' lang='lat' dir='ltr'><strong>num</strong></span> <span class='ocrx_word' id='word_1_64' title='bbox 511 1308 766 1395; x_wconf 87' lang='lat' dir='ltr'><strong>camptodromis</strong></span> <span class='ocrx_word' id='word_1_65' title='bbox 782 1308 835 1374; x_wconf 92' lang='lat' dir='ltr'><strong>vel</strong></span> <span class='ocrx_word' id='word_1_66' title='bbox 851 1308 1211 1396; x_wconf 83' lang='lat' dir='ltr'><strong>arcuato-conjunctis,</strong></span> <span class='ocrx_word' id='word_1_67' title='bbox 1225 1310 1287 1374; x_wconf 88' lang='lat' dir='ltr'><strong>reti</strong></span> <span class='ocrx_word' id='word_1_68' title='bbox 1302 1309 1497 1394; x_wconf 86' lang='lat' dir='ltr'><strong>interposito</strong></span> <span class='ocrx_word' id='word_1_69' title='bbox 1515 1309 1590 1394; x_wconf 88' lang='lat' dir='ltr'><strong>plus</strong></span> <span class='ocrx_word' id='word_1_70' title='bbox 1604 1308 1741 1374; x_wconf 82' lang='lat' dir='ltr'><strong>minusve</strong></span> 
     </span>
     <span class='ocr_line' id='line_1_10' title="bbox 421 1414 1741 1501; baseline -0.001 -20"><span class='ocrx_word' id='word_1_71' title='bbox 421 1414 588 1494; x_wconf 88' lang='lat' dir='ltr'><strong>distincto,</strong></span> <span class='ocrx_word' id='word_1_72' title='bbox 606 1416 783 1480; x_wconf 87' lang='lat' dir='ltr'><strong>reticulum</strong></span> <span class='ocrx_word' id='word_1_73' title='bbox 800 1417 1001 1481; x_wconf 82' lang='lat' dir='ltr'><strong>continente.</strong></span> <span class='ocrx_word' id='word_1_74' title='bbox 1020 1416 1134 1481; x_wconf 89' lang='lat' dir='ltr'><strong>Floras</strong></span> <span class='ocrx_word' id='word_1_75' title='bbox 1157 1415 1344 1482; x_wconf 84' lang='lat' dir='ltr'><strong>fasciculati</strong></span> <span class='ocrx_word' id='word_1_76' title='bbox 1365 1416 1415 1480; x_wconf 86' lang='lat' dir='ltr'><strong>rel</strong></span> <span class='ocrx_word' id='word_1_77' title='bbox 1444 1418 1616 1491; x_wconf 84' lang='lat' dir='ltr'><strong>racemosi,</strong></span> <span class='ocrx_word' id='word_1_78' title='bbox 1640 1417 1741 1501; x_wconf 79' lang='lat' dir='ltr'><strong>calyce</strong></span> 
     </span>
     <span class='ocr_line' id='line_1_11' title="bbox 421 1520 1744 1609; baseline 0.002 -23"><span class='ocrx_word' id='word_1_79' title='bbox 421 1521 539 1598; x_wconf 86' lang='lat' dir='ltr'><strong>4-fid0,</strong></span> <span class='ocrx_word' id='word_1_80' title='bbox 568 1521 620 1587; x_wconf 86' lang='lat' dir='ltr'><strong>vel</strong></span> <span class='ocrx_word' id='word_1_81' title='bbox 651 1521 813 1608; x_wconf 81' lang='lat' dir='ltr'><strong>4·sepalo,</strong></span> <span class='ocrx_word' id='word_1_82' title='bbox 844 1520 992 1597; x_wconf 85' lang='lat' dir='ltr'><strong>deciduo,</strong></span> <span class='ocrx_word' id='word_1_83' title='bbox 1019 1522 1140 1608; x_wconf 84' lang='lat' dir='ltr'><strong>sepelis</strong></span> <span class='ocrx_word' id='word_1_84' title='bbox 1171 1521 1353 1588; x_wconf 82' lang='lat' dir='ltr'><strong>linearibus</strong></span> <span class='ocrx_word' id='word_1_85' title='bbox 1384 1521 1628 1608; x_wconf 85' lang='lat' dir='ltr'><strong>spathulatisve</strong></span> <span class='ocrx_word' id='word_1_86' title='bbox 1664 1525 1744 1609; x_wconf 86' lang='lat' dir='ltr'><strong>apice</strong></span> 
     </span>
     <span class='ocr_line' id='line_1_12' title="bbox 419 1628 1739 1716; baseline 0 -20"><span class='ocrx_word' id='word_1_87' title='bbox 419 1649 565 1696; x_wconf 88' lang='lat' dir='ltr'><strong>concavo</strong></span> <span class='ocrx_word' id='word_1_88' title='bbox 589 1629 817 1695; x_wconf 86' lang='lat' dir='ltr'><strong>antberiteris.</strong></span> <span class='ocrx_word' id='word_1_89' title='bbox 841 1629 998 1696; x_wconf 79' lang='lat' dir='ltr'><strong>Fructus:</strong></span> <span class='ocrx_word' id='word_1_90' title='bbox 1023 1628 1192 1696; x_wconf 85' lang='lat' dir='ltr'><strong>folliculus</strong></span> <span class='ocrx_word' id='word_1_91' title='bbox 1215 1632 1388 1697; x_wconf 86' lang='lat' dir='ltr'><strong>coriaceus</strong></span> <span class='ocrx_word' id='word_1_92' title='bbox 1413 1628 1465 1694; x_wconf 82' lang='lat' dir='ltr'><strong>sel</strong></span> <span class='ocrx_word' id='word_1_93' title='bbox 1495 1629 1657 1716; x_wconf 84' lang='lat' dir='ltr'><strong>lignosus,</strong></span> <span class='ocrx_word' id='word_1_94' title='bbox 1679 1653 1739 1698; x_wconf 86' lang='lat' dir='ltr'><strong>cer·</strong></span> 
     </span>
     <span class='ocr_line' id='line_1_13' title="bbox 420 1738 1741 1826; baseline 0 -21"><span class='ocrx_word' id='word_1_95' title='bbox 420 1759 517 1818; x_wconf 87' lang='lat' dir='ltr'><strong>nnus,</strong></span> <span class='ocrx_word' id='word_1_96' title='bbox 548 1739 880 1806; x_wconf 84' lang='lat' dir='ltr'><strong>ventricoso-ovatus</strong></span> <span class='ocrx_word' id='word_1_97' title='bbox 903 1738 956 1805; x_wconf 88' lang='lat' dir='ltr'><strong>vel</strong></span> <span class='ocrx_word' id='word_1_98' title='bbox 990 1740 1100 1804; x_wconf 89' lang='lat' dir='ltr'><strong>rarius</strong></span> <span class='ocrx_word' id='word_1_99' title='bbox 1131 1738 1509 1825; x_wconf 82' lang='lat' dir='ltr'><strong>compresso-oblongus</strong></span> <span class='ocrx_word' id='word_1_100' title='bbox 1533 1743 1587 1806; x_wconf 87' lang='lat' dir='ltr'><strong>vel</strong></span> <span class='ocrx_word' id='word_1_101' title='bbox 1621 1739 1741 1826; x_wconf 82' lang='lat' dir='ltr'><strong>subglu-</strong></span> 
     </span>
     <span class='ocr_line' id='line_1_14' title="bbox 420 1845 1742 1932; baseline -0.001 -20"><span class='ocrx_word' id='word_1_102' title='bbox 420 1845 769 1924; x_wconf 85' lang='lat' dir='ltr'><strong>bosus,1nucronatus</strong></span> <span class='ocrx_word' id='word_1_103' title='bbox 795 1845 847 1910; x_wconf 85' lang='lat' dir='ltr'><strong>vel</strong></span> <span class='ocrx_word' id='word_1_104' title='bbox 869 1847 957 1932; x_wconf 92' lang='lat' dir='ltr'><strong>stylo</strong></span> <span class='ocrx_word' id='word_1_105' title='bbox 982 1851 1156 1924; x_wconf 81' lang='lat' dir='ltr'><strong>restratus,</strong></span> <span class='ocrx_word' id='word_1_106' title='bbox 1181 1847 1273 1914; x_wconf 84' lang='lat' dir='ltr'><strong>laevis</strong></span> <span class='ocrx_word' id='word_1_107' title='bbox 1299 1847 1349 1911; x_wconf 90' lang='lat' dir='ltr'><strong>vel</strong></span> <span class='ocrx_word' id='word_1_108' title='bbox 1374 1845 1586 1912; x_wconf 88' lang='lat' dir='ltr'><strong>subcustatus</strong></span> <span class='ocrx_word' id='word_1_109' title='bbox 1613 1848 1664 1914; x_wconf 84' lang='lat' dir='ltr'><strong>vel</strong></span> <span class='ocrx_word' id='word_1_110' title='bbox 1679 1867 1742 1914; x_wconf 85' lang='lat' dir='ltr'><strong>rer-</strong></span> 
     </span>
     <span class='ocr_line' id='line_1_15' title="bbox 422 1952 1744 2038; baseline -0.001 -19"><span class='ocrx_word' id='word_1_111' title='bbox 422 1955 595 2019; x_wconf 88' lang='lat' dir='ltr'><strong>ruculnsus</strong></span> <span class='ocrx_word' id='word_1_112' title='bbox 620 1956 674 2019; x_wconf 81' lang='lat' dir='ltr'><strong>vel</strong></span> <span class='ocrx_word' id='word_1_113' title='bbox 697 1952 884 2030; x_wconf 84' lang='lat' dir='ltr'><strong>eobinstus,</strong></span> <span class='ocrx_word' id='word_1_114' title='bbox 914 1953 1115 2028; x_wconf 84' lang='lat' dir='ltr'><strong>1-2-valvis,</strong></span> <span class='ocrx_word' id='word_1_115' title='bbox 1147 1954 1392 2038; x_wconf 81' lang='lat' dir='ltr'><strong>2·l-spermus.</strong></span> <span class='ocrx_word' id='word_1_116' title='bbox 1417 1955 1551 2020; x_wconf 85' lang='lat' dir='ltr'><strong>Semina</strong></span> <span class='ocrx_word' id='word_1_117' title='bbox 1577 1954 1744 2019; x_wconf 85' lang='lat' dir='ltr'><strong>subnotan-</strong></span> 
     </span>
     <span class='ocr_line' id='line_1_16' title="bbox 421 2059 1745 2147; baseline -0.001 -21"><span class='ocrx_word' id='word_1_118' title='bbox 421 2061 473 2140; x_wconf 86' lang='lat' dir='ltr'><strong>da,</strong></span> <span class='ocrx_word' id='word_1_119' title='bbox 503 2061 613 2130; x_wconf 82' lang='lat' dir='ltr'><strong>oralia</strong></span> <span class='ocrx_word' id='word_1_120' title='bbox 637 2060 688 2126; x_wconf 89' lang='lat' dir='ltr'><strong>vol</strong></span> <span class='ocrx_word' id='word_1_121' title='bbox 720 2059 873 2146; x_wconf 87' lang='lat' dir='ltr'><strong>oblonga,</strong></span> <span class='ocrx_word' id='word_1_122' title='bbox 905 2066 1022 2146; x_wconf 87' lang='lat' dir='ltr'><strong>aptera</strong></span> <span class='ocrx_word' id='word_1_123' title='bbox 1054 2062 1106 2128; x_wconf 88' lang='lat' dir='ltr'><strong>vel</strong></span> <span class='ocrx_word' id='word_1_124' title='bbox 1141 2060 1390 2146; x_wconf 77' lang='lat' dir='ltr'><strong>submerginata</strong></span> <span class='ocrx_word' id='word_1_125' title='bbox 1419 2061 1579 2147; x_wconf 86' lang='lat' dir='ltr'><strong>apieeque</strong></span> <span class='ocrx_word' id='word_1_126' title='bbox 1614 2061 1745 2128; x_wconf 85' lang='lat' dir='ltr'><strong>breviter</strong></span> 
     </span>
     <span class='ocr_line' id='line_1_17' title="bbox 421 2167 897 2255; baseline 0.002 -21"><span class='ocrx_word' id='word_1_127' title='bbox 421 2172 481 2234; x_wconf 86' lang='lat' dir='ltr'><strong>aut</strong></span> <span class='ocrx_word' id='word_1_128' title='bbox 503 2167 651 2255; x_wconf 86' lang='lat' dir='ltr'><strong>undique</strong></span> <span class='ocrx_word' id='word_1_129' title='bbox 675 2168 774 2233; x_wconf 86' lang='lat' dir='ltr'><strong>latius</strong></span> <span class='ocrx_word' id='word_1_130' title='bbox 798 2168 897 2235; x_wconf 89' lang='lat' dir='ltr'><strong>alata.</strong></span> 
     </span>
    </p>
   </div>
   <div class='ocr_carea' id='block_1_3' title="bbox 417 2365 1803 3746">
    <p class='ocr_par' dir='ltr' id='par_1_3' title="bbox 417 2365 1803 3746">
     <span class='ocr_line' id='line_1_18' title="bbox 426 2365 1801 2456; baseline -0.005 -20"><span class='ocrx_word' id='word_1_131' title='bbox 426 2367 452 2447; x_wconf 87' lang='lat' dir='ltr'><strong>l.</strong></span> <span class='ocrx_word' id='word_1_132' title='bbox 480 2365 643 2438; x_wconf 73' lang='lat' dir='ltr'><strong>brantune</strong></span> <span class='ocrx_word' id='word_1_133' title='bbox 669 2365 856 2438; x_wconf 76' lang='lat' dir='ltr'><strong>mimoslles</strong></span> <span class='ocrx_word' id='word_1_134' title='bbox 879 2369 988 2446; x_wconf 73' lang='lat' dir='ltr'><strong>Mass,</strong></span> <span class='ocrx_word' id='word_1_135' title='bbox 1013 2368 1095 2454; x_wconf 90' lang='lat' dir='ltr'><strong>Syll.</strong></span> <span class='ocrx_word' id='word_1_136' title='bbox 1120 2367 1163 2453; x_wconf 93' lang='lat' dir='ltr'><strong>pl.</strong></span> <span class='ocrx_word' id='word_1_137' title='bbox 1188 2368 1278 2446; x_wconf 72' lang='lat' dir='ltr'><strong>loss,</strong></span> <span class='ocrx_word' id='word_1_138' title='bbox 1304 2387 1333 2452; x_wconf 92' lang='lat' dir='ltr'><strong>p.</strong></span> <span class='ocrx_word' id='word_1_139' title='bbox 1358 2367 1401 2432; x_wconf 89' lang='lat'><strong>69</strong></span> <span class='ocrx_word' id='word_1_140' title='bbox 1425 2370 1583 2456; x_wconf 86' lang='lat' dir='ltr'><strong>(nomen).</strong></span> <span class='ocrx_word' id='word_1_141' title='bbox 1763 2381 1801 2430; x_wconf 77' lang='lat' dir='ltr'><strong>un</strong></span> 
     </span>
     <span class='ocr_line' id='line_1_19' title="bbox 530 2473 1745 2563; baseline 0 -24"><span class='ocrx_word' id='word_1_142' title='bbox 530 2475 568 2540; x_wconf 92' lang='lat' dir='ltr'><strong>lu</strong></span> <span class='ocrx_word' id='word_1_143' title='bbox 604 2476 753 2540; x_wconf 82' lang='lat' dir='ltr'><strong>calcaneo</strong></span> <span class='ocrx_word' id='word_1_144' title='bbox 790 2495 965 2563; x_wconf 87' lang='lat' dir='ltr'><strong>margaceo</strong></span> <span class='ocrx_word' id='word_1_145' title='bbox 990 2475 1188 2554; x_wconf 85' lang='lat' dir='ltr'><strong>uChiavon,</strong></span> <span class='ocrx_word' id='word_1_146' title='bbox 1222 2473 1385 2540; x_wconf 86' lang='lat' dir='ltr'><strong>Salccdon</strong></span> <span class='ocrx_word' id='word_1_147' title='bbox 1416 2477 1449 2540; x_wconf 91' lang='lat' dir='ltr'><strong>in</strong></span> <span class='ocrx_word' id='word_1_148' title='bbox 1483 2497 1565 2563; x_wconf 81' lang='lat' dir='ltr'><strong>agro</strong></span> <span class='ocrx_word' id='word_1_149' title='bbox 1604 2479 1745 2544; x_wconf 76' lang='lat' dir='ltr'><strong>licetine</strong></span> 
     </span>
     <span class='ocr_line' id='line_1_20' title="bbox 468 2581 1272 2668; baseline 0.002 -20"><span class='ocrx_word' id='word_1_150' title='bbox 468 2581 608 2668; x_wconf 79' lang='lat' dir='ltr'><strong>(Mass).</strong></span> <span class='ocrx_word' id='word_1_151' title='bbox 1270 2597 1272 2604; x_wconf 83' lang='grc'><strong>’</strong></span> 
     </span>
     <span class='ocr_line' id='line_1_21' title="bbox 417 2687 1802 2778; baseline -0.001 -21"><span class='ocrx_word' id='word_1_152' title='bbox 417 2692 449 2759; x_wconf 84' lang='lat'><strong>2.</strong></span> <span class='ocrx_word' id='word_1_153' title='bbox 474 2687 640 2760; x_wconf 75' lang='lat' dir='ltr'><strong>brevitico</strong></span> <span class='ocrx_word' id='word_1_154' title='bbox 663 2689 851 2760; x_wconf 84' lang='lat' dir='ltr'><strong>catastrina</strong></span> <span class='ocrx_word' id='word_1_155' title='bbox 878 2692 987 2765; x_wconf 83' lang='lat' dir='ltr'><strong>Mass..</strong></span> <span class='ocrx_word' id='word_1_156' title='bbox 1012 2691 1094 2778; x_wconf 83' lang='lat' dir='ltr'><strong>Syll.</strong></span> <span class='ocrx_word' id='word_1_157' title='bbox 1118 2691 1162 2776; x_wconf 87' lang='lat' dir='ltr'><strong>pt.</strong></span> <span class='ocrx_word' id='word_1_158' title='bbox 1188 2689 1279 2768; x_wconf 81' lang='lat' dir='ltr'><strong>loss,</strong></span> <span class='ocrx_word' id='word_1_159' title='bbox 1305 2713 1334 2777; x_wconf 85' lang='lat' dir='ltr'><strong>p.</strong></span> <span class='ocrx_word' id='word_1_160' title='bbox 1361 2691 1404 2755; x_wconf 87' lang='grc'><strong>69</strong></span> <span class='ocrx_word' id='word_1_161' title='bbox 1429 2696 1592 2771; x_wconf 84' lang='lat' dir='ltr'><strong>(nomen).</strong></span> <span class='ocrx_word' id='word_1_162' title='bbox 1764 2699 1802 2749; x_wconf 80' lang='lat' dir='ltr'><strong>nn</strong></span> 
     </span>
     <span class='ocr_line' id='line_1_22' title="bbox 535 2797 1014 2885; baseline 0.004 -23"><span class='ocrx_word' id='word_1_163' title='bbox 535 2797 617 2863; x_wconf 85' lang='lat' dir='ltr'><strong>Cum</strong></span> <span class='ocrx_word' id='word_1_164' title='bbox 643 2798 1014 2885; x_wconf 59' lang='lat' dir='ltr'><strong>praececinimus).</strong></span> 
     </span>
     <span class='ocr_line' id='line_1_23' title="bbox 420 2897 1803 2992; baseline 0 -22"><span class='ocrx_word' id='word_1_165' title='bbox 420 2905 451 2970; x_wconf 88' lang='lat'><strong>3.</strong></span> <span class='ocrx_word' id='word_1_166' title='bbox 478 2903 643 2974; x_wconf 73' lang='lat' dir='ltr'><strong>brevillea</strong></span> <span class='ocrx_word' id='word_1_167' title='bbox 668 2904 785 2975; x_wconf 77' lang='lat' dir='ltr'><strong>italica</strong></span> <span class='ocrx_word' id='word_1_168' title='bbox 802 2906 890 2972; x_wconf 83' lang='lat' dir='ltr'><strong>Heer</strong></span> <span class='ocrx_word' id='word_1_169' title='bbox 907 2905 941 2970; x_wconf 88' lang='lat' dir='ltr'><strong>in</strong></span> <span class='ocrx_word' id='word_1_170' title='bbox 958 2903 1021 2969; x_wconf 89' lang='lat' dir='ltr'><strong>litt.</strong></span> <span class='ocrx_word' id='word_1_171' title='bbox 1035 2905 1226 2972; x_wconf 83' lang='lat' dir='ltr'><strong>Anadenio</strong></span> <span class='ocrx_word' id='word_1_172' title='bbox 1239 2906 1366 2973; x_wconf 83' lang='lat' dir='ltr'><strong>italica</strong></span> <span class='ocrx_word' id='word_1_173' title='bbox 1385 2906 1496 2984; x_wconf 85' lang='lat' dir='ltr'><strong>blass.;</strong></span> <span class='ocrx_word' id='word_1_174' title='bbox 1515 2905 1597 2992; x_wconf 86' lang='lat' dir='ltr'><strong>Syll.</strong></span> <span class='ocrx_word' id='word_1_175' title='bbox 1615 2906 1656 2992; x_wconf 91' lang='lat' dir='ltr'><strong>pl.</strong></span> <span class='ocrx_word' id='word_1_176' title='bbox 1668 2906 1747 2982; x_wconf 82' lang='lat' dir='ltr'><strong>foss,</strong></span> <span class='ocrx_word' id='word_1_177' title='bbox 1765 2897 1803 2947; x_wconf 54' lang='lat'><strong>¹⁴3³</strong></span> 
     </span>
     <span class='ocr_line' id='line_1_24' title="bbox 465 3012 746 3098; baseline 0 -20"><span class='ocrx_word' id='word_1_178' title='bbox 465 3033 496 3098; x_wconf 90' lang='lat' dir='ltr'><strong>p.</strong></span> <span class='ocrx_word' id='word_1_179' title='bbox 520 3012 564 3078; x_wconf 87' lang='grc'><strong>67</strong></span> <span class='ocrx_word' id='word_1_180' title='bbox 588 3013 746 3098; x_wconf 89' lang='lat' dir='ltr'><strong>(nomen).</strong></span> 
     </span>
     <span class='ocr_line' id='line_1_25' title="bbox 530 3119 1745 3208; baseline 0.001 -26"><span class='ocrx_word' id='word_1_181' title='bbox 530 3119 568 3184; x_wconf 91' lang='lat' dir='ltr'><strong>ln</strong></span> <span class='ocrx_word' id='word_1_182' title='bbox 592 3121 743 3186; x_wconf 85' lang='lat' dir='ltr'><strong>caleaneo</strong></span> <span class='ocrx_word' id='word_1_183' title='bbox 759 3121 913 3186; x_wconf 87' lang='lat' dir='ltr'><strong>encenieo</strong></span> <span class='ocrx_word' id='word_1_184' title='bbox 930 3121 1074 3187; x_wconf 86' lang='lat' dir='ltr'><strong>nMonte</strong></span> <span class='ocrx_word' id='word_1_185' title='bbox 1097 3121 1198 3188; x_wconf 80' lang='lat' dir='ltr'><strong>Bolon</strong></span> <span class='ocrx_word' id='word_1_186' title='bbox 1210 3143 1227 3184; x_wconf 86' lang='lat' dir='ltr'><strong>n</strong></span> <span class='ocrx_word' id='word_1_187' title='bbox 1248 3125 1281 3188; x_wconf 91' lang='lat' dir='ltr'><strong>iu</strong></span> <span class='ocrx_word' id='word_1_188' title='bbox 1297 3143 1381 3208; x_wconf 85' lang='lat' dir='ltr'><strong>agro</strong></span> <span class='ocrx_word' id='word_1_189' title='bbox 1407 3122 1601 3188; x_wconf 80' lang='lat' dir='ltr'><strong>Veronensi</strong></span> <span class='ocrx_word' id='word_1_190' title='bbox 1615 3119 1745 3206; x_wconf 66' lang='lat' dir='ltr'><strong>(blase).</strong></span> 
     </span>
     <span class='ocr_line' id='line_1_26' title="bbox 421 3223 1800 3318; baseline 0.002 -28"><span class='ocrx_word' id='word_1_191' title='bbox 421 3228 453 3293; x_wconf 76' lang='lat'><strong>4.</strong></span> <span class='ocrx_word' id='word_1_192' title='bbox 476 3223 643 3298; x_wconf 68' lang='lat' dir='ltr'><strong>Gratillae</strong></span> <span class='ocrx_word' id='word_1_193' title='bbox 667 3224 826 3313; x_wconf 77' lang='lat' dir='ltr'><strong>Plublana</strong></span> <span class='ocrx_word' id='word_1_194' title='bbox 843 3229 949 3303; x_wconf 77' lang='lat' dir='ltr'><strong>Mass,</strong></span> <span class='ocrx_word' id='word_1_195' title='bbox 968 3227 1052 3312; x_wconf 87' lang='lat' dir='ltr'><strong>Syll.</strong></span> <span class='ocrx_word' id='word_1_196' title='bbox 1072 3230 1120 3295; x_wconf 87' lang='lat' dir='ltr'><strong>Pl.</strong></span> <span class='ocrx_word' id='word_1_197' title='bbox 1138 3228 1225 3308; x_wconf 82' lang='lat' dir='ltr'><strong>foss,</strong></span> <span class='ocrx_word' id='word_1_198' title='bbox 1239 3249 1270 3317; x_wconf 91' lang='lat' dir='ltr'><strong>p.</strong></span> <span class='ocrx_word' id='word_1_199' title='bbox 1293 3229 1353 3294; x_wconf 81' lang='lat'><strong>126</strong></span> <span class='ocrx_word' id='word_1_200' title='bbox 1369 3228 1584 3318; x_wconf 80' lang='lat' dir='ltr'><strong>(Anndenia)</strong></span> <span class='ocrx_word' id='word_1_201' title='bbox 1602 3235 1743 3312; x_wconf 66' lang='lat' dir='ltr'><strong>(nomen).</strong></span> <span class='ocrx_word' id='word_1_202' title='bbox 1764 3226 1800 3274; x_wconf 60' lang='lat'><strong>¹4²¹</strong></span> 
     </span>
     <span class='ocr_line' id='line_1_27' title="bbox 530 3332 1660 3426; baseline 0.001 -28"><span class='ocrx_word' id='word_1_203' title='bbox 530 3333 567 3399; x_wconf 91' lang='lat' dir='ltr'><strong>ln</strong></span> <span class='ocrx_word' id='word_1_204' title='bbox 591 3332 715 3399; x_wconf 89' lang='lat' dir='ltr'><strong>schisto</strong></span> <span class='ocrx_word' id='word_1_205' title='bbox 738 3353 913 3420; x_wconf 86' lang='lat' dir='ltr'><strong>margaceo</strong></span> <span class='ocrx_word' id='word_1_206' title='bbox 940 3334 1132 3403; x_wconf 78' lang='lat' dir='ltr'><strong>«salcedo»</strong></span> <span class='ocrx_word' id='word_1_207' title='bbox 1160 3339 1193 3402; x_wconf 91' lang='lat' dir='ltr'><strong>iu</strong></span> <span class='ocrx_word' id='word_1_208' title='bbox 1217 3357 1299 3426; x_wconf 82' lang='lat' dir='ltr'><strong>agro</strong></span> <span class='ocrx_word' id='word_1_209' title='bbox 1330 3334 1486 3404; x_wconf 77' lang='lat' dir='ltr'><strong>Vientina</strong></span> <span class='ocrx_word' id='word_1_210' title='bbox 1511 3337 1660 3422; x_wconf 59' lang='lat' dir='ltr'><strong>(Missi</strong></span> 
     </span>
     <span class='ocr_line' id='line_1_28' title="bbox 419 3419 1798 3529; baseline -0.003 -23"><span class='ocrx_word' id='word_1_211' title='bbox 419 3442 450 3507; x_wconf 88' lang='lat'><strong>5.</strong></span> <span class='ocrx_word' id='word_1_212' title='bbox 482 3437 643 3510; x_wconf 75' lang='lat' dir='ltr'><strong>trintina</strong></span> <span class='ocrx_word' id='word_1_213' title='bbox 674 3438 920 3528; x_wconf 84' lang='lat' dir='ltr'><strong>synapbatnlta</strong></span> <span class='ocrx_word' id='word_1_214' title='bbox 957 3443 1065 3520; x_wconf 82' lang='lat' dir='ltr'><strong>Mass..</strong></span> <span class='ocrx_word' id='word_1_215' title='bbox 1097 3442 1178 3528; x_wconf 81' lang='lat' dir='ltr'><strong>Syll.</strong></span> <span class='ocrx_word' id='word_1_216' title='bbox 1214 3443 1257 3528; x_wconf 87' lang='lat' dir='ltr'><strong>pt.</strong></span> <span class='ocrx_word' id='word_1_217' title='bbox 1289 3443 1378 3520; x_wconf 84' lang='lat' dir='ltr'><strong>foss..</strong></span> <span class='ocrx_word' id='word_1_218' title='bbox 1406 3465 1437 3529; x_wconf 88' lang='lat' dir='ltr'><strong>p.</strong></span> <span class='ocrx_word' id='word_1_219' title='bbox 1461 3445 1505 3508; x_wconf 88' lang='grc'><strong>67</strong></span> <span class='ocrx_word' id='word_1_220' title='bbox 1529 3440 1743 3526; x_wconf 76' lang='lat' dir='ltr'><strong>(Manytesin)</strong></span> <span class='ocrx_word' id='word_1_221' title='bbox 1763 3419 1798 3470; x_wconf 66' lang='lat'><strong>¹⁴²¹</strong></span> 
     </span>
     <span class='ocr_line' id='line_1_29' title="bbox 461 3547 1507 3637; baseline 0.003 -23"><span class='ocrx_word' id='word_1_222' title='bbox 461 3549 608 3637; x_wconf 86' lang='lat' dir='ltr'><strong>(nomen)</strong></span> <span class='ocrx_word' id='word_1_223' title='bbox 633 3547 755 3616; x_wconf 78' lang='lat' dir='ltr'><strong>Habea</strong></span> <span class='ocrx_word' id='word_1_224' title='bbox 776 3549 1037 3634; x_wconf 76' lang='lat' dir='ltr'><strong>synnpbcefolin</strong></span> <span class='ocrx_word' id='word_1_225' title='bbox 1060 3549 1170 3627; x_wconf 76' lang='lat' dir='ltr'><strong>Mass..</strong></span> <span class='ocrx_word' id='word_1_226' title='bbox 1193 3549 1228 3615; x_wconf 94' lang='lat' dir='ltr'><strong>in</strong></span> <span class='ocrx_word' id='word_1_227' title='bbox 1253 3551 1319 3616; x_wconf 88' lang='lat' dir='ltr'><strong>litt.</strong></span> <span class='ocrx_word' id='word_1_228' title='bbox 1342 3550 1384 3616; x_wconf 86' lang='lat' dir='ltr'><strong>ad</strong></span> <span class='ocrx_word' id='word_1_229' title='bbox 1409 3552 1507 3618; x_wconf 85' lang='lat' dir='ltr'><strong>Heer.</strong></span> 
     </span>
     <span class='ocr_line' id='line_1_30' title="bbox 534 3655 1744 3746; baseline 0.003 -26"><span class='ocrx_word' id='word_1_230' title='bbox 534 3656 571 3722; x_wconf 91' lang='lat' dir='ltr'><strong>lu</strong></span> <span class='ocrx_word' id='word_1_231' title='bbox 596 3655 747 3722; x_wconf 77' lang='lat' dir='ltr'><strong>calcaneo</strong></span> <span class='ocrx_word' id='word_1_232' title='bbox 762 3658 919 3724; x_wconf 86' lang='lat' dir='ltr'><strong>cocenieo</strong></span> <span class='ocrx_word' id='word_1_233' title='bbox 938 3657 1079 3724; x_wconf 80' lang='lat' dir='ltr'><strong>«Monte</strong></span> <span class='ocrx_word' id='word_1_234' title='bbox 1094 3657 1221 3723; x_wconf 79' lang='lat' dir='ltr'><strong>Bolon»</strong></span> <span class='ocrx_word' id='word_1_235' title='bbox 1242 3658 1276 3722; x_wconf 96' lang='lat' dir='ltr'><strong>in</strong></span> <span class='ocrx_word' id='word_1_236' title='bbox 1300 3678 1382 3746; x_wconf 85' lang='lat' dir='ltr'><strong>agro</strong></span> <span class='ocrx_word' id='word_1_237' title='bbox 1402 3658 1599 3728; x_wconf 79' lang='lat' dir='ltr'><strong>Veronensi</strong></span> <span class='ocrx_word' id='word_1_238' title='bbox 1614 3659 1744 3746; x_wconf 79' lang='lat' dir='ltr'><strong>(Mass).</strong></span> 
     </span>
    </p>
   </div>
   <div class='ocr_carea' id='block_1_4' title="bbox 413 3868 1745 4825">
    <p class='ocr_par' dir='ltr' id='par_1_4' title="bbox 491 3868 1496 3961">
     <span class='ocr_line' id='line_1_31' title="bbox 491 3868 1496 3961; baseline 0.002 -25"><span class='ocrx_word' id='word_1_239' title='bbox 491 3868 573 3938; x_wconf 85' lang='lat' dir='ltr'><strong>Gen.</strong></span> <span class='ocrx_word' id='word_1_240' title='bbox 598 3870 766 3942; x_wconf 77' lang='lat' dir='ltr'><strong>Hakott</strong></span> <span class='ocrx_word' id='word_1_241' title='bbox 789 3871 937 3952; x_wconf 73' lang='lat' dir='ltr'><strong>Schrad,</strong></span> <span class='ocrx_word' id='word_1_242' title='bbox 961 3872 1047 3940; x_wconf 86' lang='lat' dir='ltr'><strong>Sert.</strong></span> <span class='ocrx_word' id='word_1_243' title='bbox 1072 3873 1236 3954; x_wconf 75' lang='lat' dir='ltr'><strong>Hannon,</strong></span> <span class='ocrx_word' id='word_1_244' title='bbox 1261 3895 1291 3961; x_wconf 90' lang='lat' dir='ltr'><strong>p.</strong></span> <span class='ocrx_word' id='word_1_245' title='bbox 1314 3875 1368 3952; x_wconf 84' lang='lat'><strong>27,</strong></span> <span class='ocrx_word' id='word_1_246' title='bbox 1393 3878 1418 3942; x_wconf 90' lang='lat' dir='ltr'><strong>t.</strong></span> <span class='ocrx_word' id='word_1_247' title='bbox 1445 3874 1496 3940; x_wconf 83' lang='lat'><strong>17.</strong></span> 
     </span>
    </p>

    <p class='ocr_par' dir='ltr' id='par_1_5' title="bbox 413 3979 1745 4825">
     <span class='ocr_line' id='line_1_32' title="bbox 488 3979 1743 4068; baseline -0.002 -25"><span class='ocrx_word' id='word_1_248' title='bbox 488 3979 639 4045; x_wconf 83' lang='lat' dir='ltr'><strong>Frutiees</strong></span> <span class='ocrx_word' id='word_1_249' title='bbox 654 3979 708 4046; x_wconf 82' lang='lat' dir='ltr'><strong>vel</strong></span> <span class='ocrx_word' id='word_1_250' title='bbox 732 3979 920 4046; x_wconf 72' lang='lat' dir='ltr'><strong>arbusculo</strong></span> <span class='ocrx_word' id='word_1_251' title='bbox 936 3981 1175 4048; x_wconf 83' lang='lat' dir='ltr'><strong>australasicae.</strong></span> <span class='ocrx_word' id='word_1_252' title='bbox 1196 3982 1288 4048; x_wconf 84' lang='lat' dir='ltr'><strong>Folia</strong></span> <span class='ocrx_word' id='word_1_253' title='bbox 1310 4001 1436 4068; x_wconf 85' lang='lat' dir='ltr'><strong>sparsa.</strong></span> <span class='ocrx_word' id='word_1_254' title='bbox 1452 3981 1619 4058; x_wconf 88' lang='lat' dir='ltr'><strong>coriacea,</strong></span> <span class='ocrx_word' id='word_1_255' title='bbox 1639 3980 1743 4066; x_wconf 75' lang='lat' dir='ltr'><strong>saepius</strong></span> 
     </span>
     <span class='ocr_line' id='line_1_33' title="bbox 418 4085 1742 4175; baseline -0.002 -23"><span class='ocrx_word' id='word_1_256' title='bbox 418 4086 548 4173; x_wconf 82' lang='lat' dir='ltr'><strong>glauca,</strong></span> <span class='ocrx_word' id='word_1_257' title='bbox 572 4087 690 4152; x_wconf 87' lang='lat' dir='ltr'><strong>teretia</strong></span> <span class='ocrx_word' id='word_1_258' title='bbox 715 4086 766 4152; x_wconf 90' lang='lat' dir='ltr'><strong>vel</strong></span> <span class='ocrx_word' id='word_1_259' title='bbox 797 4085 907 4172; x_wconf 88' lang='lat' dir='ltr'><strong>plana,</strong></span> <span class='ocrx_word' id='word_1_260' title='bbox 932 4087 1148 4175; x_wconf 86' lang='lat' dir='ltr'><strong>integerrima</strong></span> <span class='ocrx_word' id='word_1_261' title='bbox 1172 4087 1227 4154; x_wconf 91' lang='lat' dir='ltr'><strong>vel</strong></span> <span class='ocrx_word' id='word_1_262' title='bbox 1257 4086 1393 4155; x_wconf 83' lang='lat' dir='ltr'><strong>dentata</strong></span> <span class='ocrx_word' id='word_1_263' title='bbox 1426 4087 1638 4166; x_wconf 83' lang='lat' dir='ltr'><strong>laciniatave,</strong></span> <span class='ocrx_word' id='word_1_264' title='bbox 1670 4106 1742 4171; x_wconf 86' lang='lat' dir='ltr'><strong>sepe</strong></span> 
     </span>
     <span class='ocr_line' id='line_1_34' title="bbox 419 4193 1743 4284; baseline -0.003 -24"><span class='ocrx_word' id='word_1_265' title='bbox 419 4196 452 4260; x_wconf 91' lang='lat' dir='ltr'><strong>in</strong></span> <span class='ocrx_word' id='word_1_266' title='bbox 476 4193 590 4260; x_wconf 87' lang='lat' dir='ltr'><strong>eadem</strong></span> <span class='ocrx_word' id='word_1_267' title='bbox 614 4194 723 4279; x_wconf 87' lang='lat' dir='ltr'><strong>specie</strong></span> <span class='ocrx_word' id='word_1_268' title='bbox 758 4196 923 4260; x_wconf 87' lang='lat' dir='ltr'><strong>variantia</strong></span> <span class='ocrx_word' id='word_1_269' title='bbox 948 4195 999 4262; x_wconf 88' lang='lat' dir='ltr'><strong>vel</strong></span> <span class='ocrx_word' id='word_1_270' title='bbox 1022 4194 1188 4278; x_wconf 79' lang='lat' dir='ltr'><strong>biformia;</strong></span> <span class='ocrx_word' id='word_1_271' title='bbox 1219 4199 1417 4284; x_wconf 82' lang='lat' dir='ltr'><strong>angustiora</strong></span> <span class='ocrx_word' id='word_1_272' title='bbox 1444 4197 1622 4274; x_wconf 81' lang='lat' dir='ltr'><strong>trinacria,</strong></span> <span class='ocrx_word' id='word_1_273' title='bbox 1649 4195 1743 4262; x_wconf 77' lang='lat' dir='ltr'><strong>nervis</strong></span> 
     </span>
     <span class='ocr_line' id='line_1_35' title="bbox 418 4301 1744 4392; baseline -0.003 -24"><span class='ocrx_word' id='word_1_274' title='bbox 418 4301 622 4368; x_wconf 87' lang='lat' dir='ltr'><strong>acrodromis</strong></span> <span class='ocrx_word' id='word_1_275' title='bbox 654 4304 755 4367; x_wconf 80' lang='lat' dir='ltr'><strong>narnis</strong></span> <span class='ocrx_word' id='word_1_276' title='bbox 779 4301 839 4367; x_wconf 90' lang='lat' dir='ltr'><strong>sub</strong></span> <span class='ocrx_word' id='word_1_277' title='bbox 871 4302 995 4389; x_wconf 84' lang='lat' dir='ltr'><strong>angulo</strong></span> <span class='ocrx_word' id='word_1_278' title='bbox 1017 4309 1116 4371; x_wconf 87' lang='lat' dir='ltr'><strong>acuto</strong></span> <span class='ocrx_word' id='word_1_279' title='bbox 1148 4302 1406 4392; x_wconf 83' lang='lat' dir='ltr'><strong>egredientibus,</strong></span> <span class='ocrx_word' id='word_1_280' title='bbox 1430 4304 1471 4370; x_wconf 87' lang='lat' dir='ltr'><strong>ad</strong></span> <span class='ocrx_word' id='word_1_281' title='bbox 1507 4304 1632 4371; x_wconf 87' lang='lat' dir='ltr'><strong>medias</strong></span> <span class='ocrx_word' id='word_1_282' title='bbox 1662 4321 1744 4370; x_wconf 90' lang='lat' dir='ltr'><strong>areas</strong></span> 
     </span>
     <span class='ocr_line' id='line_1_36' title="bbox 421 4408 1743 4498; baseline 0 -24"><span class='ocrx_word' id='word_1_283' title='bbox 421 4408 483 4475; x_wconf 89' lang='lat' dir='ltr'><strong>sub</strong></span> <span class='ocrx_word' id='word_1_284' title='bbox 505 4410 628 4498; x_wconf 78' lang='lat' dir='ltr'><strong>arigulo</strong></span> <span class='ocrx_word' id='word_1_285' title='bbox 652 4415 752 4476; x_wconf 85' lang='lat' dir='ltr'><strong>acuto</strong></span> <span class='ocrx_word' id='word_1_286' title='bbox 776 4413 1039 4491; x_wconf 84' lang='lat' dir='ltr'><strong>anastomosatis‚</strong></span> <span class='ocrx_word' id='word_1_287' title='bbox 1064 4412 1185 4480; x_wconf 90' lang='lat' dir='ltr'><strong>latiora</strong></span> <span class='ocrx_word' id='word_1_288' title='bbox 1209 4413 1468 4498; x_wconf 85' lang='lat' dir='ltr'><strong>pinnatinerria,</strong></span> <span class='ocrx_word' id='word_1_289' title='bbox 1495 4413 1609 4478; x_wconf 82' lang='lat' dir='ltr'><strong>nervis</strong></span> <span class='ocrx_word' id='word_1_290' title='bbox 1641 4430 1743 4478; x_wconf 87' lang='lat' dir='ltr'><strong>secun·</strong></span> 
     </span>
     <span class='ocr_line' id='line_1_37' title="bbox 419 4515 1743 4604; baseline 0.002 -22"><span class='ocrx_word' id='word_1_291' title='bbox 419 4515 522 4583; x_wconf 87' lang='lat' dir='ltr'><strong>dariis</strong></span> <span class='ocrx_word' id='word_1_292' title='bbox 546 4517 641 4582; x_wconf 87' lang='lat' dir='ltr'><strong>valde</strong></span> <span class='ocrx_word' id='word_1_293' title='bbox 666 4520 814 4598; x_wconf 89' lang='lat' dir='ltr'><strong>ramosis,</strong></span> <span class='ocrx_word' id='word_1_294' title='bbox 839 4521 872 4585; x_wconf 90' lang='lat' dir='ltr'><strong>in</strong></span> <span class='ocrx_word' id='word_1_295' title='bbox 899 4525 968 4586; x_wconf 91' lang='lat' dir='ltr'><strong>rete</strong></span> <span class='ocrx_word' id='word_1_296' title='bbox 1002 4521 1113 4588; x_wconf 82' lang='lat' dir='ltr'><strong>laxum</strong></span> <span class='ocrx_word' id='word_1_297' title='bbox 1138 4520 1346 4601; x_wconf 86' lang='lat' dir='ltr'><strong>coeuntibus,</strong></span> <span class='ocrx_word' id='word_1_298' title='bbox 1371 4521 1583 4587; x_wconf 81' lang='lat' dir='ltr'><strong>tenuioribus</strong></span> <span class='ocrx_word' id='word_1_299' title='bbox 1609 4523 1743 4604; x_wconf 87' lang='lat' dir='ltr'><strong>interpo-</strong></span> 
     </span>
     <span class='ocr_line' id='line_1_38' title="bbox 413 4623 1745 4714; baseline -0.003 -25"><span class='ocrx_word' id='word_1_300' title='bbox 413 4623 496 4694; x_wconf 86' lang='lat' dir='ltr'><strong>sitis.</strong></span> <span class='ocrx_word' id='word_1_301' title='bbox 529 4623 711 4691; x_wconf 87' lang='lat' dir='ltr'><strong>Folliculus</strong></span> <span class='ocrx_word' id='word_1_302' title='bbox 741 4631 871 4707; x_wconf 89' lang='lat' dir='ltr'><strong>ovatus,</strong></span> <span class='ocrx_word' id='word_1_303' title='bbox 897 4629 1104 4694; x_wconf 79' lang='lat' dir='ltr'><strong>verrtnicosus</strong></span> <span class='ocrx_word' id='word_1_304' title='bbox 1132 4628 1182 4693; x_wconf 86' lang='lat' dir='ltr'><strong>vel</strong></span> <span class='ocrx_word' id='word_1_305' title='bbox 1218 4626 1337 4714; x_wconf 88' lang='lat' dir='ltr'><strong>gibbus</strong></span> <span class='ocrx_word' id='word_1_306' title='bbox 1363 4628 1414 4694; x_wconf 82' lang='lat' dir='ltr'><strong>vel</strong></span> <span class='ocrx_word' id='word_1_307' title='bbox 1444 4627 1623 4714; x_wconf 79' lang='lat' dir='ltr'><strong>oblongus,</strong></span> <span class='ocrx_word' id='word_1_308' title='bbox 1650 4627 1745 4694; x_wconf 86' lang='lat' dir='ltr'><strong>rarius</strong></span> 
     </span>
     <span class='ocr_line' id='line_1_39' title="bbox 416 4730 1741 4825; baseline -0.004 -25"><span class='ocrx_word' id='word_1_309' title='bbox 416 4730 579 4825; x_wconf 84' lang='lat' dir='ltr'><strong>globosus,</strong></span> <span class='ocrx_word' id='word_1_310' title='bbox 603 4733 696 4802; x_wconf 84' lang='lat' dir='ltr'><strong>laevis</strong></span> <span class='ocrx_word' id='word_1_311' title='bbox 721 4735 771 4804; x_wconf 90' lang='lat' dir='ltr'><strong>vel</strong></span> <span class='ocrx_word' id='word_1_312' title='bbox 797 4732 1027 4806; x_wconf 71' lang='lat' dir='ltr'><strong>tuber-eulaius</strong></span> <span class='ocrx_word' id='word_1_313' title='bbox 1044 4737 1256 4812; x_wconf 83' lang='lat' dir='ltr'><strong>cristatusve,</strong></span> <span class='ocrx_word' id='word_1_314' title='bbox 1282 4737 1472 4806; x_wconf 84' lang='lat' dir='ltr'><strong>excentrica</strong></span> <span class='ocrx_word' id='word_1_315' title='bbox 1493 4733 1741 4806; x_wconf 88' lang='lat' dir='ltr'><strong>monolocularis,</strong></span> 
     </span>
    </p>
   </div>
   <div class='ocr_carea' id='block_1_5' title="bbox 0 0 1862 5540">
    <p class='ocr_par' dir='ltr' id='par_1_6' title="bbox 0 0 1862 5540">
     <span class='ocr_line' id='line_1_40' title="bbox 0 0 1862 5540; baseline 0 0"><span class='ocrx_word' id='word_1_316' title='bbox 0 0 1862 5540; x_wconf 95' lang='lat' dir='ltr'><strong> </strong></span> 
     </span>
    </p>
   </div>
  </div>
 </body>
</html>
