3766 5540
432 403 463 470 'tt
850 416 925 486 Aiga
942 421 1056 474 incertae
1074 419 1157 478 sedis.
1174 417 1368 476 Laminatitee.

439 529 470 594 3.
496 523 798 614 Hydrotllulyopele
823 540 915 613 spec.
941 528 1049 604 Mass..
1067 527 1188 613 Synop.
1205 526 1255 594 m.
1271 524 1348 594 foss.
1365 526 1496 614 Seuog,
1513 547 1543 612 p.
1560 524 1599 608 5;
1626 525 1672 594 Fi.
1692 521 1764 596 loss.
1787 553 1822 606 pa,

483 637 607 725 Senig.‚
632 658 662 723 p.
686 636 740 714 94,
764 645 786 701 t.
812 637 971 710 XXXIX.
997 636 1018 702 Ι.
1047 637 1095 700 13.

552 745 588 808 ln
606 764 722 830 marga
737 765 879 830 gypsosa
893 746 1074 810 mioeenica
1091 745 1326 831 ‹sinigaglia›
1342 745 1377 809 in
1393 764 1474 830 agro
1491 739 1767 828 Umbaufflesst

508 961 592 1027 Gen.
617 958 866 1045 Hydrurus
892 963 963 1047 bg,
980 962 1086 1047 quoad
1104 962 1315 1028 characteres
1330 959 1418 1030 conf.
1437 959 1656 1040 Rabenhomt,
1674 959 1768 1026 Flora

438 1069 601 1152 Europaea
628 1068 798 1154 Algarum,
824 1069 881 1146 lli,
909 1089 940 1154 p.
966 1068 1018 1135 49.

506 1177 642 1242 Thallus
665 1174 807 1242 ednotus
831 1177 1035 1264 gelatinosus
1059 1177 1133 1264 plus
1159 1179 1309 1245 minusue
1334 1176 1460 1252 firmus,
1484 1174 1669 1254 tubulosus,
1686 1177 1769 1242 elon·

438 1291 551 1370 gatus,
584 1285 781 1363 (5-10-15
810 1303 872 1348 cm.
910 1284 1050 1370 longus)
1082 1285 1277 1371 plerumque
1309 1285 1401 1350 varie
1438 1283 1582 1364 divisus,
1614 1283 1766 1360 lubricus,

437 1391 612 1478 superficie
635 1391 744 1456 nudus
767 1391 821 1458 vel
845 1390 937 1456 fibris
970 1391 1147 1458 subtilibus
1171 1413 1212 1459 ex
1245 1394 1378 1458 interno
1409 1392 1502 1468 ortis,
1526 1411 1544 1456 e
1572 1391 1763 1458 cellularum

437 1497 585 1565 seriebus
622 1499 682 1562 1-2
715 1497 867 1563 formatis
900 1498 1094 1565 densissime
1131 1498 1273 1576 obsitus;
1306 1499 1451 1586 plurimi,
1483 1519 1571 1584 saepe
1603 1499 1767 1564 innumeri

439 1610 473 1671 in
501 1607 667 1692 caespitem
692 1605 925 1674 fasciculetum
956 1609 1139 1693 aggregati.
1171 1605 1308 1674 Oellulae
1333 1609 1428 1673 initio
1452 1606 1598 1693 globosae
1625 1608 1674 1671 vel
1698 1606 1765 1671 sub·

424 1713 597 1800 globosa,
632 1722 743 1798 postea
778 1713 943 1800 elongatae
974 1715 1025 1778 vel
1059 1713 1225 1796 ellipticae,
1258 1735 1344 1800 saepe
1378 1713 1563 1792 concidam,
1596 1713 1671 1800 polo
1702 1733 1764 1780 uno

437 1822 584 1886 alterove
618 1819 759 1896 achroae,
784 1821 818 1886 in
855 1821 999 1886 familias
1030 1821 1289 1907 longitudinales
1320 1822 1394 1908 plus
1426 1821 1535 1886 minus
1566 1821 1767 1906 regulariter
1859 1835 1860 1864 l

436 1928 615 2005 ordinatae,
647 1929 849 2013 tegumentis
881 1930 1010 2006 crassis,
1043 1929 1238 2015 plerumque
1270 1932 1404 1994 omnino
1439 1925 1667 1995 diffluentibus
1695 1929 1765 1994 laxe

436 2055 605 2113 connexae,
636 2035 776 2100 thallum
809 2037 1059 2102 constituentes.
1093 2035 1297 2102 Gallularum
1327 2035 1447 2102 divisio
1471 2037 1512 2102 ad
1544 2056 1644 2102 unam
1668 2036 1766 2102 disse-

436 2146 577 2208 ntionem
603 2145 760 2229 precipue
792 2144 825 2208 in
847 2143 952 2209 thallo
976 2146 1069 2230 apice
1092 2149 1126 2210 et
1155 2144 1357 2231 peripheria.
1385 2145 1625 2210 Generationes
1658 2164 1765 2210 omnes

436 2251 588 2316 evolutae.

441 2467 466 2530 l.
493 2465 689 2552 ltyornrus?
722 2468 918 2554 protensus
950 2470 1059 2548 Mass,
1088 2470 1173 2536 Leti.
1203 2468 1349 2544 Scarab,
1381 2491 1411 2554 p.
1439 2469 1470 2546 9,
1497 2490 1531 2537 n.
1563 2472 1621 2551 ll,
1647 2470 1766 2556 Synop.
1790 2497 1827 2548 pa

481 2574 528 2638 Fl.
554 2574 630 2639 foss.
655 2576 786 2660 Senog„
810 2597 840 2661 p.
865 2577 901 2654 5;
926 2576 974 2640 Fl.
1002 2575 1077 2641 loss.
1103 2576 1228 2662 Senig..
1253 2597 1283 2661 p.
1308 2574 1362 2658 95,
1389 2581 1412 2641 t.
1438 2577 1478 2655 Il,
1503 2577 1526 2644 i.
1550 2577 1582 2642 3.
1607 2613 1651 2625 -
1673 2577 1771 2642 Fron·
1861 2621 1862 2678 p

486 2680 525 2746 de
541 2681 702 2768 stipitata,
719 2682 1072 2768 gelatione-niueum,
1090 2685 1295 2763 tenuissima,
1310 2685 1345 2750 in
1363 2685 1499 2750 lacinias
1520 2685 1768 2770 multipartitis,

482 2789 699 2873 penicillatas,
726 2789 958 2855 substriolatas
982 2791 1098 2858 divisa.

549 2895 777 2962 ‹aMondainos
805 2918 907 2985 prope
931 2901 1141 2965 Ariminum
1165 2898 1371 2981 (Maest-
1395 2899 1502 2985 Stipes
1526 2919 1602 2964 mm.
1626 2900 1649 2964 2
1671 2898 1768 2965 diam.
1862 2975 1863 3000 3

480 3003 521 3070 ad
555 3025 631 3070 mm.
668 3005 769 3070 12-14
801 3026 901 3091 supra
933 3004 1035 3071 basim
1069 3009 1207 3073 ramulis
1243 3007 1425 3074 linearibus
1456 3007 1688 3074 ramosissimis
1720 3010 1768 3071 in·
1862 3019 1863 3054 l

478 3117 635 3178 structus.

506 3326 588 3395 Gen.
612 3325 926 3400 Laminarites
950 3329 1082 3396 Sternb.
1108 3333 1266 3418 Brongn.,
1294 3333 1376 3398 Hist.
1402 3330 1484 3419 Ve’g.
1510 3333 1585 3397 foss.
1610 3353 1641 3418 p.
1666 3332 1717 3396 54.

503 3437 610 3502 Frons
640 3438 800 3523 stipitaia,
825 3438 1076 3504 membranacea
1100 3441 1151 3504 vel
1184 3441 1346 3520 coriacea,
1375 3445 1502 3506 costata
1525 3439 1580 3507 vel
1611 3443 1765 3508 ecostata.

437 3543 592 3609 laminam
621 3542 798 3610 efformans
823 3546 897 3629 plus
923 3547 1074 3610 minusve
1097 3545 1268 3612 dilatatam
1292 3545 1520 3631 subintegram
1539 3547 1591 3613 vel
1613 3545 1769 3626 divisam;

433 3652 611 3737 sporangia
635 3670 760 3737 sparsa.

438 3863 465 3932 l.
489 3863 713 3934 [eminentiae
742 3863 994 3952 triueepuyilua
1033 3866 1142 3944 Mass,
1173 3869 1339 3952 Palaeoph.
1373 3889 1452 3950 raa,
1485 3889 1559 3955 pag.
1587 3869 1650 3949 19;
1675 3870 1766 3955 Spee.
1796 3896 1835 3945 pap

479 3972 649 4058 Photogr.‚
674 3994 704 4058 p.
730 3975 782 4052 48,
808 3980 830 4038 t.
856 3974 962 4044 XVll.
987 3973 1009 4040 f.
1041 3975 1067 4038 l.
1092 3974 1250 4060 Sehimp,
1275 3977 1331 4044 Tr.
1356 3977 1419 4061 pal.
1445 3975 1531 4061 vag,
1556 3978 1613 4050 ΙΙΙ,
1637 3997 1668 4062 p.
1693 3977 1768 4041 446.

484 4115 520 4128 —
548 4081 651 4145 Frons
692 4083 822 4165 integra
858 4083 891 4145 in
928 4087 1022 4164 parte
1053 4081 1212 4146 interiore
1235 4084 1336 4168 inque
1359 4085 1504 4168 stipitem
1528 4089 1713 4162 attenuata,
1739 4085 1769 4148 in

481 4191 575 4269 parte
599 4188 769 4270 superiore
801 4187 1003 4270 regulariter
1027 4184 1344 4267 sinuoso-lobulata,
1369 4186 1453 4254 lobis
1485 4187 1612 4256 obtusis
1635 4195 1670 4256 et
1700 4188 1771 4254 sub·

481 4293 651 4374 rotundis;
681 4299 773 4359 costa
797 4294 937 4379 perexili
967 4291 1007 4358 ad
1032 4295 1157 4378 apicem
1191 4302 1419 4379 procurrente,
1445 4296 1576 4363 inferne
1607 4297 1769 4362 crassiore

482 4409 515 4467 et
539 4402 573 4467 in
599 4403 744 4486 stipitem
762 4406 969 4479 transeunte,
986 4399 1058 4465 basi
1083 4403 1116 4465 in
1133 4401 1255 4466 callum
1281 4403 1421 4468 inferius
1445 4423 1565 4470 cavum
1581 4402 1767 4470 dilatatum.

550 4511 585 4574 ln
610 4508 760 4574 calcaneo
784 4509 938 4573 cocenieo
966 4509 1103 4572 «Monte
1130 4509 1255 4574 Belua»
1276 4511 1309 4574 in
1334 4531 1416 4596 agro
1441 4511 1635 4578 Veronensi
1648 4511 1766 4598 (Mass,

480 4618 553 4684 coll.
587 4620 742 4705 propria).
777 4653 817 4664 -
854 4617 967 4680 Frons.
1000 4635 1061 4684 ern.
1087 4616 1140 4692 36,
1174 4619 1282 4704 longa,
1307 4639 1370 4685 cm.
1401 4623 1421 4683 4
1447 4619 1533 4698 lata;
1565 4619 1632 4684 lobi
1657 4639 1720 4686 om.
1754 4619 1766 4682 l

482 4725 582 4812 longi,
602 4745 679 4790 mm.
700 4723 803 4789 12-‘20
820 4723 897 4802 lati;
921 4727 1012 4786 costa
1030 4743 1104 4787 mm.
1120 4725 1141 4786 2
1158 4723 1242 4804 lata;
1259 4727 1371 4810 stipes,
1391 4745 1452 4791 cm.
1471 4727 1491 4790 4
1507 4725 1608 4814 long,
1632 4723 1770 4816 (Mass).
